2580 5146
372 328 458 401 nn
521 321 850 397 onnncrn
914 330 975 401 m.
1089 272 1206 423 sss

202 507 283 581 latis
307 512 411 581 omnis
434 506 690 595 Graecarumque
714 513 873 581 literarum
902 514 1140 600 imperitiffimas

185 628 270 711 eli,
298 629 343 695 ita
367 628 485 712 priscos
513 627 585 693 illos
600 620 709 694 heroas
726 630 960 712 petulantillime
978 648 1139 699 contame-

181 741 544 826 liotiffineqaeveran
569 741 697 825 abjicit,
720 745 848 811 deridet.
893 745 999 828 Atque
1007 764 1140 814 noanon

172 856 313 925 sumus
331 858 376 941 ii,
398 856 454 939 qui
469 856 741 939 inlletaphysrcae
759 860 940 943 disciplina,
962 860 1139 944 praesertim

172 992 283 1056 quae
306 991 371 1041 tam
391 972 532 1037 dislic'des
548 986 673 1054 tamque
689 971 802 1037 arduos
818 974 990 1056 explicatas
1005 974 1139 1057 habeat,

168 1080 331 1155 Veteres
348 1102 500 1171 negemus
516 1086 639 1169 uspiam
653 1085 830 1168 offendisse,
853 1088 976 1172 uspiam
992 1087 1140 1155 incurris·

172 1202 250 1284 st,
285 1202 401 1269 mentm
424 1218 545 1282 errore,
574 1213 610 1267 ut
631 1199 688 1282 fit,
718 1201 893 1286 divagatosa
945 1202 1064 1269 Verum
1079 1222 1138 1271 nec

180 1315 279 1383 ‘movi
301 1313 514 1399 Metaphysrci
534 1314 627 1381 nobis
641 1314 751 1381 habete
766 1314 932 1401 videntne,
953 1317 987 1383 in
1000 1336 1065 1401 quo
1079 1316 1136 1385 fibi

180 1444 295 1497 tanto
320 1446 414 1515 opere
439 1430 602 1513 placeant,
623 1428 714 1512 seque
731 1428 816 1495 velut
834 1429 872 1494 de
888 1434 977 1497 caelo
991 1431 1133 1516 delapsos

182 1554 262 1611 tam
282 1542 449 1628 magrtillce
464 1543 728 1626 circumspiciant.
775 1542 864 1630 Quid
879 1545 987 1613 enims
1009 1546 1133 1613 sanora

189 1658 251 1725 illa
268 1656 391 1725 <lemma
405 1656 476 1725 sunt
493 1659 536 1723 ita
550 1675 652 1741 terta,
677 1656 813 1738 stabilia,
835 1657 947 1741 firma,
961 1660 1132 1728 utillivul·

195 1790 241 1859 go
255 1773 389 1857 jactam:
415 1771 470 1856 qui
485 1772 543 1855 lit,
565 1788 602 1839 ut
617 1772 846 1856 quadragesimo
859 1773 944 1854 fere,
966 1791 1021 1840 aut
1037 1774 1132 1857 quin·

200 1884 378 1971 quagesimo
402 1904 530 1971 qnoque
555 1900 638 1953 anno
653 1905 738 1954 nova
755 1886 910 1953 exoriatur
923 1886 1023 1967 lesia,
1047 1904 1128 1967 qaae

199 2002 328 2069 alteram
354 2019 426 2069 cum
447 1999 600 2068 conviciis
627 1998 809 2066 &clamore
825 1998 863 2064 de
879 1997 1057 2081 potreffione
1076 1996 1130 2064 dee

197 2114 322 2201 pellatl
340 2116 408 2183 Aut
422 2115 500 2199 quid
514 2114 638 2181 tandem
655 2109 775 2179 caussae
788 2110 846 2177 elle
859 2111 1002 2177 dicamus
1012 2157 1025 2194 ,
1035 2129 1131 2194 qaate

196 2229 313 2313 multi,
329 2247 387 2315 pro
406 2229 522 2313 quibus
539 2227 815 2310 modo,tanquam
831 2244 889 2311 pro
907 2226 968 2291 atis
984 2224 1128 2311 orfocle,

198 2344 400 2431 pugnabant,
421 2341 527 2408 eadem
543 2342 608 2426 ipsa
625 2343 746 2425 aliquot
760 2343 848 2410 annis
866 2340 957 2426 poll,
980 2342 1129 2435 velutva·

196 2478 267 2542 na,
299 2458 407 2542 salsa,
435 2458 599 2542 nugatoria
621 2455 806 2541 repudient?
837 2454 946 2522 Videte
970 2456 1126 2524 levitatem

198 2574 362 2642 hominnm
379 2586 475 2657 atque
487 2572 742 2661 inconstantiam.
787 2572 921 2638 Crebrae
937 2569 1007 2639 illae
1025 2592 1063 2641 ac
1079 2592 1127 2639 re·

196 2688 338 2773 pentiaae
354 2686 569 2755 sententiarum
592 2685 850 2753 commutationes
871 2685 950 2769 quid
967 2686 1126 2770 prodant,

197 2803 248 2870 cai
263 2801 366 2887 potest
380 2800 642 2869 elseobscutuml
658 2801 783 2867 Scilicet
790 2802 824 2867 hi
832 2814 960 2882 quoque
968 2799 1024 2881 ipst
1032 2798 1127 2865 variis

197 2917 383 3002 opinionum
398 2914 545 2984 fludiibus
558 2915 678 3001 jactati,
688 2912 933 2982 nihildumcerti
944 2929 980 2975 ac
990 2908 1126 2990 sirmi‚in

197 3052 261 3116 quo
276 3048 348 3099 tuto
369 3028 556 3114 confidant,
577 3045 766 3114 repererant.
811 3027 900 3115 Quae
917 3021 1125 3105 cumitasrnt,

198 3145 291 3213 millia
307 3146 395 3231 vagis
409 3147 643 3229 errantibusque
659 3145 786 3211 illorum
800 3137 1008 3226 conjecturis,
1025 3138 1125 3206 solum

198 3261 253 3343 id,
276 3260 365 3344 qnod
377 3260 410 3326 in
426 3261 485 3327 hac
503 3260 663 3344 disciplina
682 3275 802 3327 certum
819 3274 911 3341 atque
931 3256 1126 3337 exploratum

196 3376 252 3458 ell,
270 3372 629 3443 constanterteneumusi
651 3373 821 3458 quodquin
831 3371 996 3438 maximam
1004 3384 1124 3453 partem

198 3488 310 3557 sollerti
336 3488 484 3556 Veterum
507 3488 732 3572 investigationi
756 3505 918 3571 acceptum
930 3481 1122 3552 referendum

199 3602 260 3684 stt,
290 3604 344 3669 via
357 3605 460 3688 negati
475 3604 536 3671 stne
551 3584 763 3687 impudentia,
786 3619 839 3668 aut
854 3620 964 3687 magna
978 3602 1124 3685 antiquae

202 3713 382 3787 eruditionis
407 3719 524 3789 inscitia
545 3715 656 3807 potest.
708 3717 865 3785 Nimirum
884 3717 1020 3804 primae,
1045 3728 1124 3799 quas

686 3830 711 3898 F
734 3851 753 3897 a
1071 3840 1126 3887 11¹·
