2580 5146
387 346 467 416 nn
532 346 881 461 tonnano.
1036 360 1098 436 ³33

171 538 209 609 tii
235 537 368 602 habenas
384 532 601 616 capelliuiilet,
623 550 652 598 et
668 534 814 598 summam
832 550 931 596 rerum
949 535 1095 615 gerenda·

172 666 240 721 tum
261 650 452 735 prudentiam
475 650 504 713 in
521 648 668 730 Longino
683 646 894 730 perspexisset,
917 647 984 729 ejus
1001 650 1098 715 mani·

174 788 224 833 me
239 764 374 831 consiliis
391 783 515 846 regnum
531 761 735 827 administrare
753 760 868 827 ilotuit.
892 762 1021 827 Plotius
1031 767 1052 828 l.
1064 784 1096 832 c.

175 884 227 951 real
243 883 344 948 nonne
358 880 567 962 συνηγωνίζετο
586 879 716 960 Ζηννβίςν
732 880 769 960 ‘lli
783 878 842 943 τῶν
864 875 1023 960 Ὀσρνηνῶν
1037 883 1100 963 βα·

180 999 290 1074 σνλνδν,
311 997 367 1070 τὴν
383 995 479 1074 ἀρχὴν
494 994 668 1076 κατεχούσῃ
680 991 838 1079 Ὀδεννὶθνν
857 998 910 1059 τοῦ
927 995 1029 1075 ἀνδρὸς
1044 999 1101 1065 arl-

174 1122 229 1189 tile
242 1108 501 1186 τετελευτηκότος.
546 1105 657 1170 sudas
677 1126 709 1169 v.
729 1114 891 1184 Λογγῖνος.
914 1110 1031 1190 ἀνῃρέθη
1049 1113 1104 1178 ὑπ’

176 1231 361 1309 Λύρνλννννῦ
378 1224 579 1303 desierisne
595 1223 746 1304 Ζνννβίᾳ,
768 1232 806 1304 τῇ
821 1223 981 1291 Ὀδννόδνν
995 1248 1101 1303 ywan-

177 1346 221 1410 Α.
274 1339 358 1403 Tum
383 1338 549 1419 Longinus
573 1353 631 1417 pro
656 1337 709 1400 illo
738 1335 886 1402 libertatis
902 1357 1026 1423 amore,
1049 1341 1105 1425 qui

180 1455 301 1540 magnis
328 1453 456 1537 ingeniis
485 1449 630 1534 proprius
653 1448 711 1513 elle
737 1449 833 1532 solet,
865 1454 1022 1523 Zenobiae
1043 1456 1109 1522 ani⁴

179 1591 265 1638 mum
292 1568 410 1634 addidit
434 1566 472 1631 ad
485 1567 595 1652 jugum
611 1563 788 1628 Romanum
807 1569 1047 1652 excutiendum,
1069 1571 1103 1638 in

179 1687 242 1752 hoc
265 1686 356 1750 etiam
380 1683 518 1747 imitatus
543 1679 699 1744 Platonem
726 1677 839 1759 suum,
862 1680 918 1761 qui
935 1683 1106 1752 Dionema
1218 1737 1222 1745 .

180 1801 210 1868 se
231 1798 383 1865 eruditum
409 1794 477 1879 past
498 1791 614 1857 ratione
639 1791 677 1857 ad
694 1791 822 1875 patriam
841 1793 1028 1862 liberandum
1045 1799 1105 1862 inr-
1158 1838 1162 1847 ,

184 1915 264 2000 pulit
293 1930 323 1979 et
349 1910 488 1979 armavit.
541 1906 649 1987 Tarm,
671 1904 941 1989 commandere,
965 1903 1105 1978 Zenobia

186 2030 307 2098 nobiles
331 2028 397 2091 illas
421 2024 459 2089 ad
484 2020 682 2087 Aurelianum
699 2020 821 2099 literas,
845 2023 1006 2101 quaesunt
1021 2025 1107 2110 apud

186 2142 358 2227 Vopiscum
384 2139 541 2228 Aurelian.
573 2151 626 2216 27.
642 2132 771 2216 scripsit.
814 2133 922 2221 Quae,
946 2157 1017 2204 cum
1035 2143 1107 2224 plus

188 2260 333 2342 spiritus,
364 2274 455 2339 quum
487 2252 643 2319 Zenobiae
661 2264 799 2332 tempora
817 2249 974 2337 serebant,
997 2255 1108 2322 habere

188 2374 383 2451 viderentur,
422 2368 568 2449 Longino
602 2364 730 2429 exitium
753 2367 931 2436 attulerunt.
983 2371 1111 2459 Quippe

188 2488 396 2563 Aurelianus,
421 2485 457 2548 iis
473 2481 580 2559 ledis,
603 2476 645 2543 stc
660 2478 788 2562 exarsit,
813 2496 847 2547 ut
863 2502 950 2566 mon,
972 2484 1114 2573 Palmyra

190 2618 388 2687 expugnata,
425 2597 462 2661 de
495 2594 641 2678 Longino
667 2596 852 2680 supplicium
879 2598 956 2666 sumi
978 2603 1112 2686 juberet.

193 2717 347 2800 Vopiscus
375 2712 534 2778 Aurelian.
560 2731 609 2791 30.
663 2709 773 2774 Graue
793 2716 882 2776 inter
899 2735 947 2778 eos
963 2723 1020 2801 qui
1034 2720 1117 2802 caeſs
1182 2697 1185 2703 ¹

188 2831 288 2915 sunt,
312 2828 351 2895 dr
365 2828 510 2911 Longino
524 2821 700 2911 philosopho
710 2823 808 2906 furffe
821 2827 1029 2910 perhibetur,
1052 2851 1115 2915 quo

194 2946 256 3009 issa
279 2943 429 3026 magistro
455 2939 513 3004 usa
535 2938 591 3022 effe
607 2937 655 3002 ad
670 2936 817 3005 Graecas
835 2939 950 3003 literas
967 2940 1115 3010 dicitur:

196 3080 286 3145 quem
317 3055 442 3142 quidem
463 3053 661 3118 Aurelianus
676 3052 798 3118 idcirco
813 3053 938 3119 diriter
953 3056 1116 3142 occidiffe,
1186 3143 1190 3150 Ι

198 3171 284 3258 qnod
292 3171 461 3255 fripcrbinr
480 3169 542 3232 illa
562 3168 687 3254 epistola
702 3168 796 3253 ipsus
813 3167 1117 3238 dicereturvdioara'

197 3285 339 3368 confilio,
363 3287 508 3369 qumvis
524 3285 604 3365 Syro
618 3281 836 3366 effctscrrnonr
848 3297 1009 3355 contexta.
1056 3288 1124 3355 nde

199 3399 237 3463 de
266 3397 393 3463 Suidam
419 3418 451 3465 v.
479 3407 643 3476 Λογγῖνος.
696 3398 730 3461 ln
756 3397 816 3462 hoc
841 3412 902 3462 tam
919 3401 1004 3483 grand
1027 3403 1120 3488 casu,

198 3513 323 3590 nescio,
362 3530 398 3576 an
424 3511 588 3596 Longinus
616 3512 783 3593 quicquam
807 3513 916 3579 viderit
941 3515 1120 3601 indignius,

200 3645 294 3709 priam
323 3646 379 3709 pro
408 3627 498 3692 bonis
524 3626 659 3692 consiliis
687 3630 797 3693 malam
816 3628 870 3695 srbi
889 3632 1014 3713 gratiam
1031 3653 1048 3698 a
1064 3632 1123 3698 Ze·

197 3743 292 3811 nobie
315 3740 428 3811 referri.
482 3741 568 3808 llaec
592 3740 695 3824 enim,
729 3761 801 3809 cum
826 3759 895 3812 ante
921 3748 1067 3814 omnibus
1085 3747 1120 3810 in

1077 3875 1125 3925 l'fl·
