2580 5146
326 342 568 415 uauus
619 342 993 423 atacrntn.
1070 374 1130 444 199

184 534 243 598 dia
266 546 298 598 et
318 527 552 598 Valentinianus
583 532 681 600 fracto
695 534 872 619 jacentique
886 553 1038 622 tyranno,
1060 541 1127 610 Ra·

184 669 319 718 vennam
344 649 508 714 intrarunt.
564 649 677 716 Heliou
700 671 795 733 vero,
829 655 1003 722 ollnciorum
1020 656 1124 740 Magi·

182 764 246 832 ster
259 780 289 831 et
302 762 477 846 Patricius,
501 762 621 829 Romae
635 766 906 850 Valentinianum,
924 770 1120 855 septennem,

180 898 322 964 purpura
336 877 461 960 induit,
482 879 732 961 renuntiavitque
744 879 936 964 Augustum.
983 884 1121 953 Theodo-

178 998 225 1077 βο
244 999 299 1066 ΧΙ.
322 1011 353 1062 et
380 995 615 1063 Valentiniano
641 996 730 1078 Caes.
751 998 828 1080 Coff.
856 999 900 1066 A.
920 1001 956 1067 C.
979 1020 1055 1084 425.
1082 1002 1119 1071 d.

173 1117 292 1185 xxltl.
318 1115 429 1201 mensts
455 1112 596 1180 Oiiobris
620 1113 710 1201 (k).
758 1115 905 1198 Cumque
925 1116 1113 1185 Valentinia-

1055 1248 1116 1296 nus

180 1443 333 1522 tyrannidis
355 1458 431 1503 anno
454 1440 533 1500 illum
558 1437 699 1498 interiisse.
748 1443 822 1501 Nam
844 1459 909 1502 cum
925 1445 978 1519 jam
995 1457 1116 1505 exeunte

177 1552 220 1618 A.
239 1552 346 1625 C423.
365 1561 458 1607 tantos
476 1542 526 1604 fibi
544 1542 654 1619 spiritus
671 1543 848 1607 sumfiffetn.
867 1548 978 1607 demum
996 1552 1033 1610 C.
1043 1568 1114 1625 425.

176 1653 299 1732 pretium
321 1653 405 1722 tulit,
423 1648 579 1725 arrogantia
598 1648 644 1706 sua
657 1648 780 1723 dignum.
821 1652 886 1711 Vid.
903 1654 1044 1714 Antonius
1063 1656 1116 1715 Pa«

180 1757 245 1829 gius
270 1761 300 1814 in
325 1757 435 1813 critica
455 1760 485 1813 in
498 1755 623 1812 Burunii
636 1755 763 1814 Annales
780 1756 822 1814 ad
836 1757 876 1815 A.
897 1759 928 1815 C.
946 1773 1015 1832 425.
1035 1775 1065 1816 n.
1082 1775 1112 1832 4.

178 1857 340 1931 Procopius
355 1857 470 1917 debello
486 1858 640 1918 Vandalico
660 1858 725 1917 Lib.
742 1859 767 1918 l.
789 1880 813 1917 c.
827 1876 856 1932 3.
876 1860 931 1920 ait:
952 1860 1109 1928 Ioannem,

179 1973 338 2037 amputata
351 1980 456 2033 nanu,
470 1963 554 2037 asello
572 1967 603 2023 in
622 1967 694 2020 circo
714 1961 887 2035 Aquileienſs
903 1966 1025 2030 aeuum,
1042 1962 1114 2020 mui-

180 2080 285 2140 tasque
307 2066 489 2140 indignitates
512 2068 550 2127 ab
573 2064 754 2140 histrionibus
764 2063 935 2142 perpffetn,
949 2063 988 2141 stc
1003 2065 1112 2124 demum

181 2176 249 2230 uita
260 2175 413 2247 priuatum
426 2171 485 2250 else.
527 2170 604 2230 idem
620 2183 759 2245 praeterea
775 2169 810 2228 de
828 2169 938 2231 Ioannis
956 2170 1113 2243 prudentia,

182 2274 376 2346 humanitate,
407 2275 585 2350 temperantia
614 2274 760 2348 magnifice
786 2273 886 2345 sentit,
915 2276 997 2350 cujus
1020 2274 1115 2349 pellea

179 2380 300 2456 vestigiis
325 2379 420 2442 institit
439 2378 536 2440 suidas
554 2377 583 2436 in
602 2396 694 2438 voces
714 2377 821 2441 leiren,
862 2379 958 2440 sedin
976 2399 1012 2442 eo
1030 2381 1114 2442 debet

175 2485 317 2560 castigari,
343 2484 422 2559 quod
451 2485 584 2542 loannem
601 2499 652 2556 per
670 2482 890 2557 quinquennium
907 2487 974 2546 dicit
993 2488 1135 2562 potesta.

176 2602 232 2667 tent
249 2591 324 2648 suam
341 2586 506 2656 exercuille.
546 2588 688 2646 Antonius
702 2588 812 2662 quidem
829 2591 950 2665 Paglus,
971 2610 1036 2652 cum
1050 2592 1113 2651 Sui-

175 2695 224 2754 das
248 2695 331 2754 etlam
356 2693 391 2752 de
417 2691 613 2768 quinquennali
639 2704 746 2762 taceat,
775 2694 854 2762 hoc,
882 2697 959 2752 uelut
975 2694 1111 2769 quandam

176 2799 321 2870 laciniam,
350 2798 385 2857 ab
412 2796 505 2870 inepta
520 2813 601 2854 manu
617 2795 730 2854 allutam
747 2810 837 2871 putat.
877 2797 983 2855 Verum
1001 2799 1111 2869 culpam

160 2886 163 2899 ¹
178 2900 316 2976 Procopii
334 2919 392 2961 non
405 2901 572 2976 praestarias,
611 2901 685 2961 Nam
697 2902 782 2974 paulo
800 2899 862 2973 post
876 2898 935 2971 pari
951 2897 1038 2956 modo
1055 2898 1112 2955 hal·

176 3006 334 3078 lucinum,
363 3005 574 3081 Ardaburium‚
603 3022 687 3078 quem
704 3003 816 3077 Alparis
835 3016 939 3077 patrem
956 3001 1049 3061 dicere
1063 2999 1111 3062 da·

174 3092 295 3183 buiffet,
315 3110 429 3186 Aiparis
445 3107 532 3167 filium
550 3111 678 3183 appellat.
719 3107 843 3169 Consule
861 3107 941 3166 etiam
960 3105 1112 3180 Theopha-

175 3230 240 3275 nem
265 3217 296 3275 in
323 3212 559 3290 curonograplta
578 3226 611 3289 p.
625 3216 675 3288 58.
695 3214 738 3272 ed.
764 3215 864 3283 liniter,
884 3211 953 3286 qui,
974 3209 1109 3288 quicquid

172 3317 210 3378 ue
226 3319 270 3378 his
284 3320 369 3378 rebus
385 3317 507 3390 dillerit,
529 3318 637 3379 Socrati
654 3300 784 3392 sublegit.

209 3420 285 3499 ,(Ιε)
306 3402 507 3497 Philostorgius
544 3423 565 3487 i,
595 3441 619 3482 c.
658 3423 881 3498 olympiodorus
906 3428 936 3482 in
957 3421 1015 3495 fine
1038 3419 1108 3495 fra·

174 3531 295 3600 gmenti.
334 3529 443 3590 Auilor
461 3530 596 3589 Chronici
620 3523 766 3597 Pascialis
792 3526 930 3609 Theadosso
957 3531 1034 3605 Aug.
1055 3530 1107 3589 x1.

174 3640 207 3688 et
219 3631 421 3695 Valentiniano
439 3636 519 3709 Caes.
536 3632 600 3710 Coffi
615 3627 648 3708 p.
669 3647 736 3706 250.
757 3633 799 3692 ed.
817 3635 917 3695 Venet.
937 3649 1042 3711 et3tq.
1062 3633 1106 3698 ed·

171 3733 273 3814 Pariſs
308 3726 358 3796 asi
378 3739 470 3800 uim
494 3739 543 3799 re'e‘t
564 3732 666 3794 inim
684 3731 771 3813 irpipin
792 3735 845 3795 iuri
868 3733 1025 3809 Θισδῖσιόυ,
1045 3738 1110 3792 ilion

640 3838 756 3919 N4.
1059 3843 1110 3891 elu-
