2580 5146
304 341 548 418 orosa
598 344 969 419 Puscrnrrl.
1043 357 1130 439 ως

170 533 247 615 vis,
269 533 397 614 Alanis,
419 527 590 611 Vandalis,
622 527 818 614 amplillrmos
842 530 899 600 sibi
923 535 1099 619 triumphos

174 651 326 736 parabat,
348 649 380 716 dr
404 648 562 715 Monaxii
587 646 623 718 δ’
648 648 763 714 Plinto
790 643 866 730 Cnff.
898 651 1002 719 A..c.
1024 673 1100 736 4¹9·

1039 777 1107 827 tra·

175 962 257 1019 ultera
275 954 1103 1033 pertesasusastruamur,additoChrillimo·

174 1075 359 1137 nogrtmmtte
374 1061 403 1120 in
421 1077 528 1120 corona
544 1074 683 1133 quercea,
706 1053 819 1118 &inira
839 1076 917 1119 corr
929 1079 948 1120 o
959 1079 987 1120 u.
1027 1062 1102 1121 Vidit

172 1179 200 1229 et
210 1163 507 1234 HenricusNoriiius,
522 1163 564 1221 uti
581 1162 639 1236 ipse
659 1175 746 1220 ramat
760 1162 938 1223 inAddendis
949 1163 1103 1238 odthlor.

173 1273 360 1346 Pelagianam
372 1281 407 1345 p.
418 1287 448 1328 o.
466 1283 581 1327 aureum
600 1281 713 1324 numum
723 1265 793 1326 inter
803 1267 961 1327 numismata
973 1268 1105 1328 Illustrill'.

176 1375 295 1434 Comitis
325 1374 405 1433 ioan.
433 1371 469 1431 de
488 1373 610 1440 Ltzara,
631 1369 681 1444 qui
695 1371 777 1428 altero
792 1384 870 1444 parte
885 1372 980 1431 iisdem
998 1373 1103 1444 literis,

175 1494 235 1552 quo
257 1458 484 1552 odorannus,
511 1478 592 1533 altera
611 1490 682 1533 vero
698 1475 793 1534 Cruce
810 1490 963 1547 coronata,
985 1477 1106 1552 fignatut

174 1581 237 1643 luit.
283 1583 328 1642 llo
351 1580 433 1640 nobis
457 1578 570 1654 quidem
595 1577 801 1650 credibilem,
822 1581 975 1640 Honoriam
993 1583 1050 1643 hoc
1069 1583 1103 1640 ti-

174 1688 236 1744 tulo
257 1683 501 1758 Constantinopoli
521 1677 607 1743 ¹fuille
630 1695 774 1753 ornatam,
808 1700 869 1758 quo
894 1686 996 1744 Attilae
1021 1687 1102 1747 furor

176 1789 356 1862 mitigaretur.
394 1786 497 1847 Refert
513 1788 585 1846 enim
593 1786 744 1846 lornandes
759 1787 792 1845 de
800 1788 960 1864 Regnorum
969 1789 1101 1864 [accepir-

176 1902 254 1965 nep.
271 1906 336 1965 239.
354 1889 441 1964 ipsam
459 1889 579 1966 flagralle
596 1890 747 1964 cupiditate
764 1891 906 1960 nubendi,
926 1893 1051 1964 clamque
1065 1893 1099 1950 ad

177 1994 311 2063 Attiltm,
330 1994 496 2053 Hunnorum
512 1994 621 2068 Regem
638 1993 752 2063 mifille,
771 1993 819 2066 qui
838 1994 898 2068 ejus
913 1992 962 2052 libi
978 2010 1100 2052 amorem

178 2094 211 2159 dr
234 2084 343 2172 nuptias
365 2097 435 2157 tdeo
453 2098 641 2159 conciliarent.
682 2094 795 2154 Interim
815 2113 905 2167 vero,
926 2113 991 2156 cum
1009 2098 1099 2160 mollit

178 2202 281 2261 lemine
297 2215 380 2278 atque
396 2215 481 2263 tetate
500 2201 577 2261 fluxa
591 2215 685 2260 amore
701 2199 784 2259 sexus
800 2199 949 2274 superioris
965 2202 1101 2261 debacha·
1199 2261 1203 2264 .

177 2320 274 2378 retur,
300 2307 392 2366 rllertit
419 2305 596 2380 Eugenium,
627 2307 840 2365 Procuratorem
864 2305 963 2378 suum,
990 2320 1022 2366 ut
1039 2325 1100 2366 mu·

175 2411 262 2469 liebre
281 2409 386 2480 decus,
411 2410 560 2483 aegerrime
579 2410 725 2485 hucusque
740 2429 755 2468 a
772 2411 801 2471 se
819 2412 1031 2483 conservatum,
1051 2430 1101 2472 err·

177 2528 322 2590 pugnaret.
369 2515 474 2588 Neque
490 2513 562 2573 enim
579 2512 708 2585 consilia,
729 2515 829 2576 Attilae
848 2515 896 2574 sibi
913 2517 1099 2588 conciliandi,

177 2620 237 2677 satis
260 2630 387 2692 poterant
411 2617 504 2678 celari.
552 2620 683 2692 Cumque
708 2621 816 2680 exirent
840 2639 872 2680 ea
896 2621 925 2679 in
944 2624 1044 2696 vulgus
1055 2640 1100 2698 „a

165 2724 261 2782 tratre
287 2721 501 2790 Valentiniano,
530 2738 565 2780 ne
582 2722 610 2778 in
630 2722 729 2783 Attilae
749 2741 844 2783 manus
861 2726 988 2794 veniret,
1007 2726 1045 2783 Α.
1062 2729 1099 2784 C.

176 2843 245 2905 434.
273 2824 544 2897 Constantinopolim
561 2824 635 2883 milla
649 2827 697 2885 eli.
724 2828 904 2886 Marcellinus
919 2833 949 2885 in
964 2827 1100 2887 Chronico

177 2931 336 2990 Ariobindo
359 2930 395 2997 ἐφ’
418 2929 531 3003 Aspare
556 2928 621 3006 Coffi
641 2930 682 2989 A.
706 2933 737 2989 C.
760 2947 829 3006 434.
861 2919 1010 2998 Honorio,
1030 2931 1102 3005 Itnp.

177 3037 376 3095 Valentiniani
387 3035 488 3108 soror,
506 3034 545 3091 ab
557 3033 700 3108 Eugenio‚
716 3046 907 3110 procuratore
913 3033 966 3106 suo
974 3075 983 3103 ,
988 3033 1102 3108 stupro.

176 3151 214 3199 ta
231 3124 375 3216 concepit,
403 3141 568 3214 palatioque
601 3140 735 3213 expulsa,
762 3137 899 3216 Theodofio
920 3144 1048 3213 Principi
1066 3141 1101 3201 de

176 3245 268 3304 Italia
291 3243 453 3321 transmiffa
468 3241 514 3317 est.
554 3247 676 3302 Attilam
690 3249 762 3303 enim
778 3256 879 3302 contro
894 3244 1101 3303 occidentalem

177 3349 315 3424 rempubl.
337 3349 510 3407 concitabat.
552 3349 628 3408 Idem
647 3349 727 3423 plane
744 3347 854 3406 tellrtur
871 3347 1019 3408 lornandes
1035 3352 1054 3409 l.
1074 3367 1101 3410 o.

178 3452 312 3526 Legimus
344 3451 418 3526 apud
445 3452 570 3512 Priscum
597 3452 719 3512 Panitem
741 3457 772 3510 in
795 3457 934 3526 excerptis
954 3454 1103 3530 Legation.

173 3568 208 3631 p.
222 3570 270 3630 27.
288 3557 400 3615 Tonal.
419 3557 526 3630 script.
542 3554 613 3612 Rer.
628 3554 753 3628 Byzant.
794 3556 926 3627 Attilam,
945 3559 1043 3618 eruditis
1059 3560 1103 3629 iis,
1191 3599 1193 3602 .

181 3659 403 3731 quaeHonoriae
418 3658 593 3728 acciderant,
616 3659 738 3732 Legatos
753 3659 782 3716 in
793 3658 976 3719 Occidentem
995 3663 1102 3731 misrlle,

178 3763 228 3858 qui
256 3764 433 3838 Honorinum,
452 3763 519 3824 dum
535 3762 740 3822 matrimonium
757 3779 821 3832 cum
840 3763 924 3835 Attila
941 3767 1106 3831 contrahere

633 3865 668 3936 M
688 3880 706 3946 5
1052 3881 1105 3934 vo
