<?xml version="1.0" encoding="UTF-8"?>
<!DOCTYPE html PUBLIC "-//W3C//DTD XHTML 1.0 Transitional//EN"
    "http://www.w3.org/TR/xhtml1/DTD/xhtml1-transitional.dtd">
<html xmlns="http://www.w3.org/1999/xhtml" xml:lang="en" lang="en">
 <head>
  <title>
</title>
<meta http-equiv="Content-Type" content="text/html;charset=utf-8" />
  <meta name='ocr-system' content='tesseract 3.04.00' />
  <meta name='ocr-capabilities' content='ocr_page ocr_carea ocr_par ocr_line ocrx_word'/>
</head>
<body>
  <div class='ocr_page' id='page_1' title='image "./davidisruhnkeni00ruhngoog_0179.png"; bbox 0 0 2580 5146; ppageno 0'>
   <div class='ocr_carea' id='block_1_1' title="bbox 190 385 1049 481">
    <p class='ocr_par' dir='ltr' id='par_1_1' title="bbox 190 385 1049 481">
     <span class='ocr_line' id='line_1_1' title="bbox 190 385 1049 481; baseline -0.001 -20"><span class='ocrx_word' id='word_1_1' title='bbox 190 387 484 481; x_wconf 48' lang='lat' dir='ltr'>‚onnus</span> <span class='ocrx_word' id='word_1_2' title='bbox 537 385 909 458; x_wconf 78' lang='lat' dir='ltr'>eencrnrn.</span> <span class='ocrx_word' id='word_1_3' title='bbox 984 394 1049 477; x_wconf 69' lang='lat'>1⁶5</span> 
     </span>
    </p>
   </div>
   <div class='ocr_carea' id='block_1_2' title="bbox 10 571 1105 1918">
    <p class='ocr_par' dir='ltr' id='par_1_2' title="bbox 102 571 1105 879">
     <span class='ocr_line' id='line_1_2' title="bbox 102 571 1037 660; baseline -0.003 -14"><span class='ocrx_word' id='word_1_4' title='bbox 102 599 148 646; x_wconf 86' lang='lat' dir='ltr'>ne</span> <span class='ocrx_word' id='word_1_5' title='bbox 175 577 344 660; x_wconf 86' lang='lat' dir='ltr'>quidquam</span> <span class='ocrx_word' id='word_1_6' title='bbox 375 571 489 639; x_wconf 87' lang='lat' dir='ltr'>horum</span> <span class='ocrx_word' id='word_1_7' title='bbox 527 573 751 656; x_wconf 84' lang='lat' dir='ltr'>perficeretur,</span> <span class='ocrx_word' id='word_1_8' title='bbox 784 574 874 638; x_wconf 90' lang='lat' dir='ltr'>unice</span> <span class='ocrx_word' id='word_1_9' title='bbox 905 573 1037 643; x_wconf 83' lang='lat' dir='ltr'>obstitit.</span> 
     </span>
     <span class='ocr_line' id='line_1_3' title="bbox 105 686 1047 770; baseline -0.001 -13"><span class='ocrx_word' id='word_1_10' title='bbox 105 693 194 757; x_wconf 83' lang='lat' dir='ltr'>Num</span> <span class='ocrx_word' id='word_1_11' title='bbox 220 707 251 760; x_wconf 93' lang='lat' dir='ltr'>et</span> <span class='ocrx_word' id='word_1_12' title='bbox 277 687 413 769; x_wconf 82' lang='lat' dir='ltr'>acriori,</span> <span class='ocrx_word' id='word_1_13' title='bbox 436 686 522 770; x_wconf 89' lang='lat' dir='ltr'>quod</span> <span class='ocrx_word' id='word_1_14' title='bbox 547 688 656 753; x_wconf 74' lang='lat' dir='ltr'>nuilus</span> <span class='ocrx_word' id='word_1_15' title='bbox 680 701 744 750; x_wconf 88' lang='lat' dir='ltr'>erat</span> <span class='ocrx_word' id='word_1_16' title='bbox 765 686 888 770; x_wconf 86' lang='lat' dir='ltr'>ingenio</span> <span class='ocrx_word' id='word_1_17' title='bbox 904 689 1047 757; x_wconf 74' lang='lat' dir='ltr'>hominis</span> 
     </span>
     <span class='ocr_line' id='line_1_4' title="bbox 106 797 1105 879; baseline -0.005 -7"><span class='ocrx_word' id='word_1_18' title='bbox 106 808 245 872; x_wconf 84' lang='lat' dir='ltr'>animum</span> <span class='ocrx_word' id='word_1_19' title='bbox 266 805 327 870; x_wconf 79' lang='lat' dir='ltr'>alio</span> <span class='ocrx_word' id='word_1_20' title='bbox 343 802 504 879; x_wconf 79' lang='lat' dir='ltr'>uertebat,</span> <span class='ocrx_word' id='word_1_21' title='bbox 527 797 692 864; x_wconf 83' lang='lat' dir='ltr'>&amp;severos</span> <span class='ocrx_word' id='word_1_22' title='bbox 709 798 747 864; x_wconf 93' lang='lat' dir='ltr'>de</span> <span class='ocrx_word' id='word_1_23' title='bbox 766 798 818 864; x_wconf 87' lang='lat' dir='ltr'>illa</span> <span class='ocrx_word' id='word_1_24' title='bbox 832 820 863 864; x_wconf 86' lang='lat' dir='ltr'>re</span> <span class='ocrx_word' id='word_1_25' title='bbox 884 799 1036 867; x_wconf 80' lang='lat' dir='ltr'>sermones</span> <span class='ocrx_word' id='word_1_26' title='bbox 1104 871 1105 874; x_wconf 61' lang='grc'>,</span> 
     </span>
    </p>

    <p class='ocr_par' dir='ltr' id='par_1_3' title="bbox 10 915 1050 1918">
     <span class='ocr_line' id='line_1_5' title="bbox 105 915 1037 998; baseline -0.003 -11"><span class='ocrx_word' id='word_1_27' title='bbox 105 925 196 988; x_wconf 64' lang='lat' dir='ltr'>tenta</span> <span class='ocrx_word' id='word_1_28' title='bbox 222 921 369 986; x_wconf 83' lang='lat' dir='ltr'>suauitate</span> <span class='ocrx_word' id='word_1_29' title='bbox 390 915 578 997; x_wconf 86' lang='lat' dir='ltr'>condiebat,</span> <span class='ocrx_word' id='word_1_30' title='bbox 608 932 664 996; x_wconf 91' lang='lat' dir='ltr'>ut,</span> <span class='ocrx_word' id='word_1_31' title='bbox 696 915 866 998; x_wconf 78' lang='lat' dir='ltr'>quamlibet</span> <span class='ocrx_word' id='word_1_32' title='bbox 896 917 1037 984; x_wconf 89' lang='lat' dir='ltr'>hucdrrm</span> 
     </span>
     <span class='ocr_line' id='line_1_6' title="bbox 10 1014 1041 1113; baseline -0.004 -8"><span class='ocrx_word' id='word_1_33' title='bbox 10 1014 12 1019; x_wconf 67' lang='lat'>,</span> <span class='ocrx_word' id='word_1_34' title='bbox 109 1036 267 1105; x_wconf 85' lang='lat' dir='ltr'>ferocitate</span> <span class='ocrx_word' id='word_1_35' title='bbox 283 1036 454 1112; x_wconf 79' lang='lat' dir='ltr'>exultans,</span> <span class='ocrx_word' id='word_1_36' title='bbox 476 1032 516 1096; x_wconf 92' lang='lat' dir='ltr'>ab</span> <span class='ocrx_word' id='word_1_37' title='bbox 540 1029 628 1096; x_wconf 84' lang='lat' dir='ltr'>irisrta</span> <span class='ocrx_word' id='word_1_38' title='bbox 654 1030 710 1097; x_wconf 87' lang='lat' dir='ltr'>srbi</span> <span class='ocrx_word' id='word_1_39' title='bbox 727 1033 894 1113; x_wconf 82' lang='lat' dir='ltr'>pertinacia</span> <span class='ocrx_word' id='word_1_40' title='bbox 921 1033 1041 1101; x_wconf 85' lang='lat' dir='ltr'>desrste·</span> 
     </span>
     <span class='ocr_line' id='line_1_7' title="bbox 109 1122 1038 1230; baseline -0.001 -15"><span class='ocrx_word' id='word_1_41' title='bbox 109 1165 177 1230; x_wconf 85' lang='lat' dir='ltr'>ret,</span> <span class='ocrx_word' id='word_1_42' title='bbox 200 1149 478 1227; x_wconf 85' lang='lat' dir='ltr'>Romanorumque</span> <span class='ocrx_word' id='word_1_43' title='bbox 511 1122 675 1227; x_wconf 79' lang='lat' dir='ltr'>amicitiam</span> <span class='ocrx_word' id='word_1_44' title='bbox 700 1142 756 1210; x_wconf 88' lang='lat' dir='ltr'>fibi</span> <span class='ocrx_word' id='word_1_45' title='bbox 781 1161 907 1229; x_wconf 85' lang='lat' dir='ltr'>cuperet</span> <span class='ocrx_word' id='word_1_46' title='bbox 931 1150 1038 1214; x_wconf 90' lang='lat' dir='ltr'>conci·</span> 
     </span>
     <span class='ocr_line' id='line_1_8' title="bbox 109 1257 1040 1343; baseline -0.003 -11"><span class='ocrx_word' id='word_1_47' title='bbox 109 1268 229 1332; x_wconf 89' lang='lat' dir='ltr'>liatam.</span> <span class='ocrx_word' id='word_1_48' title='bbox 271 1262 336 1328; x_wconf 83' lang='lat' dir='ltr'>llic</span> <span class='ocrx_word' id='word_1_49' title='bbox 357 1259 382 1328; x_wconf 81' lang='lat' dir='ltr'>u</span> <span class='ocrx_word' id='word_1_50' title='bbox 406 1261 479 1343; x_wconf 85' lang='lat' dir='ltr'>quis</span> <span class='ocrx_word' id='word_1_51' title='bbox 501 1272 622 1324; x_wconf 86' lang='lat' dir='ltr'>tantum</span> <span class='ocrx_word' id='word_1_52' title='bbox 641 1257 809 1325; x_wconf 86' lang='lat' dir='ltr'>Placidiam</span> <span class='ocrx_word' id='word_1_53' title='bbox 830 1262 982 1342; x_wconf 86' lang='lat' dir='ltr'>praeclare</span> <span class='ocrx_word' id='word_1_54' title='bbox 1000 1261 1040 1329; x_wconf 88' lang='lat' dir='ltr'>de</span> 
     </span>
     <span class='ocr_line' id='line_1_9' title="bbox 109 1366 1050 1458; baseline 0 -16"><span class='ocrx_word' id='word_1_55' title='bbox 109 1376 199 1443; x_wconf 81' lang='lat' dir='ltr'>ltalia</span> <span class='ocrx_word' id='word_1_56' title='bbox 220 1375 358 1440; x_wconf 87' lang='lat' dir='ltr'>meritam</span> <span class='ocrx_word' id='word_1_57' title='bbox 379 1371 487 1452; x_wconf 89' lang='lat' dir='ltr'>dicar,</span> <span class='ocrx_word' id='word_1_58' title='bbox 511 1372 651 1449; x_wconf 85' lang='lat' dir='ltr'>minore,</span> <span class='ocrx_word' id='word_1_59' title='bbox 674 1389 767 1453; x_wconf 91' lang='lat' dir='ltr'>quam</span> <span class='ocrx_word' id='word_1_60' title='bbox 795 1366 949 1458; x_wconf 78' lang='lat' dir='ltr'>debebat,</span> <span class='ocrx_word' id='word_1_61' title='bbox 971 1383 1050 1442; x_wconf 72' lang='lat' dir='ltr'>eam·</span> 
     </span>
     <span class='ocr_line' id='line_1_10' title="bbox 112 1485 1040 1570; baseline 0.002 -14"><span class='ocrx_word' id='word_1_62' title='bbox 112 1490 202 1556; x_wconf 88' lang='lat' dir='ltr'>laude</span> <span class='ocrx_word' id='word_1_63' title='bbox 224 1490 375 1570; x_wconf 85' lang='lat' dir='ltr'>extollit,</span> <span class='ocrx_word' id='word_1_64' title='bbox 404 1506 477 1554; x_wconf 93' lang='lat' dir='ltr'>cum</span> <span class='ocrx_word' id='word_1_65' title='bbox 509 1487 562 1552; x_wconf 87' lang='lat' dir='ltr'>illa</span> <span class='ocrx_word' id='word_1_66' title='bbox 586 1486 692 1570; x_wconf 85' lang='lat' dir='ltr'>potius</span> <span class='ocrx_word' id='word_1_67' title='bbox 724 1485 817 1555; x_wconf 86' lang='lat' dir='ltr'>fuerit</span> <span class='ocrx_word' id='word_1_68' title='bbox 843 1490 1040 1558; x_wconf 86' lang='lat' dir='ltr'>immanitatis</span> 
     </span>
     <span class='ocr_line' id='line_1_11' title="bbox 112 1601 1043 1688; baseline 0.003 -19"><span class='ocrx_word' id='word_1_69' title='bbox 112 1603 287 1686; x_wconf 80' lang='lat' dir='ltr'>expultrix,</span> <span class='ocrx_word' id='word_1_70' title='bbox 312 1602 527 1683; x_wconf 83' lang='lat' dir='ltr'>inventrixque</span> <span class='ocrx_word' id='word_1_71' title='bbox 552 1601 675 1684; x_wconf 82' lang='lat' dir='ltr'>legum,</span> <span class='ocrx_word' id='word_1_72' title='bbox 707 1605 795 1684; x_wconf 87' lang='lat' dir='ltr'>pacis</span> <span class='ocrx_word' id='word_1_73' title='bbox 818 1604 890 1670; x_wconf 88' lang='lat' dir='ltr'>item</span> <span class='ocrx_word' id='word_1_74' title='bbox 912 1607 1043 1688; x_wconf 87' lang='lat' dir='ltr'>quietis·</span> 
     </span>
     <span class='ocr_line' id='line_1_12' title="bbox 18 1717 1041 1806; baseline 0.002 -22"><span class='ocrx_word' id='word_1_75' title='bbox 18 1740 27 1753; x_wconf 94' lang='lat'><strong>·</strong></span> <span class='ocrx_word' id='word_1_76' title='bbox 112 1737 174 1800; x_wconf 89' lang='lat' dir='ltr'>que</span> <span class='ocrx_word' id='word_1_77' title='bbox 199 1719 357 1802; x_wconf 75' lang='lat' dir='ltr'>effeilrix,</span> <span class='ocrx_word' id='word_1_78' title='bbox 378 1717 520 1801; x_wconf 81' lang='lat' dir='ltr'>magistra</span> <span class='ocrx_word' id='word_1_79' title='bbox 548 1719 681 1801; x_wconf 88' lang='lat' dir='ltr'>denique</span> <span class='ocrx_word' id='word_1_80' title='bbox 704 1723 808 1806; x_wconf 87' lang='lat' dir='ltr'>vitae,</span> <span class='ocrx_word' id='word_1_81' title='bbox 839 1739 905 1790; x_wconf 88' lang='lat' dir='ltr'>tum</span> <span class='ocrx_word' id='word_1_82' title='bbox 929 1726 1041 1792; x_wconf 74' lang='lat' dir='ltr'>Aratrl.</span> 
     </span>
     <span class='ocr_line' id='line_1_13' title="bbox 114 1832 763 1918; baseline 0.008 -20"><span class='ocrx_word' id='word_1_83' title='bbox 114 1834 173 1918; x_wconf 87' lang='lat' dir='ltr'>phi</span> <span class='ocrx_word' id='word_1_84' title='bbox 191 1832 308 1918; x_wconf 85' lang='lat' dir='ltr'>ipfius,</span> <span class='ocrx_word' id='word_1_85' title='bbox 328 1848 394 1902; x_wconf 91' lang='lat' dir='ltr'>tum</span> <span class='ocrx_word' id='word_1_86' title='bbox 410 1834 550 1901; x_wconf 89' lang='lat' dir='ltr'>omnium</span> <span class='ocrx_word' id='word_1_87' title='bbox 569 1834 763 1903; x_wconf 86' lang='lat' dir='ltr'>Gothorum.</span> 
     </span>
    </p>
   </div>
   <div class='ocr_carea' id='block_1_3' title="bbox 434 2061 751 2174">
    <p class='ocr_par' dir='ltr' id='par_1_4' title="bbox 434 2061 751 2174">
     <span class='ocr_line' id='line_1_14' title="bbox 434 2061 751 2174; baseline 0 -45"><span class='ocrx_word' id='word_1_88' title='bbox 434 2061 647 2174; x_wconf 55' lang='lat' dir='ltr'>3vllt.</span> <span class='ocrx_word' id='word_1_89' title='bbox 748 2164 751 2171; x_wconf 18' lang='grc' dir='ltr'>ἱ</span> 
     </span>
    </p>
   </div>
   <div class='ocr_carea' id='block_1_4' title="bbox 110 2294 1044 2942">
    <p class='ocr_par' dir='ltr' id='par_1_5' title="bbox 110 2294 1044 2849">
     <span class='ocr_line' id='line_1_15' title="bbox 158 2294 1040 2386; baseline 0.007 -24"><span class='ocrx_word' id='word_1_90' title='bbox 158 2294 218 2362; x_wconf 87' lang='lat' dir='ltr'>Sed</span> <span class='ocrx_word' id='word_1_91' title='bbox 242 2295 409 2386; x_wconf 81' lang='lat' dir='ltr'>quominus</span> <span class='ocrx_word' id='word_1_92' title='bbox 433 2295 587 2380; x_wconf 85' lang='lat' dir='ltr'>Ataulplri</span> <span class='ocrx_word' id='word_1_93' title='bbox 612 2295 805 2382; x_wconf 88' lang='lat' dir='ltr'>Honoriique</span> <span class='ocrx_word' id='word_1_94' title='bbox 829 2317 876 2365; x_wconf 89' lang='lat' dir='ltr'>res</span> <span class='ocrx_word' id='word_1_95' title='bbox 891 2301 1040 2373; x_wconf 80' lang='lat' dir='ltr'>exPlnci·</span> 
     </span>
     <span class='ocr_line' id='line_1_16' title="bbox 112 2411 1038 2497; baseline 0.011 -19"><span class='ocrx_word' id='word_1_96' title='bbox 112 2412 178 2480; x_wconf 88' lang='lat' dir='ltr'>diae</span> <span class='ocrx_word' id='word_1_97' title='bbox 191 2414 336 2483; x_wconf 85' lang='lat' dir='ltr'>sententia</span> <span class='ocrx_word' id='word_1_98' title='bbox 353 2412 393 2477; x_wconf 90' lang='lat' dir='ltr'>ad</span> <span class='ocrx_word' id='word_1_99' title='bbox 409 2411 508 2478; x_wconf 89' lang='lat' dir='ltr'>otium</span> <span class='ocrx_word' id='word_1_100' title='bbox 527 2411 770 2497; x_wconf 86' lang='lat' dir='ltr'>deducerentur,</span> <span class='ocrx_word' id='word_1_101' title='bbox 793 2436 875 2484; x_wconf 88' lang='lat' dir='ltr'>unus</span> <span class='ocrx_word' id='word_1_102' title='bbox 899 2418 1038 2487; x_wconf 88' lang='lat' dir='ltr'>omnium</span> 
     </span>
     <span class='ocr_line' id='line_1_17' title="bbox 110 2527 1039 2616; baseline 0.009 -20"><span class='ocrx_word' id='word_1_103' title='bbox 110 2530 334 2611; x_wconf 84' lang='lat' dir='ltr'>Constantius,</span> <span class='ocrx_word' id='word_1_104' title='bbox 356 2528 394 2594; x_wconf 91' lang='lat' dir='ltr'>de</span> <span class='ocrx_word' id='word_1_105' title='bbox 411 2547 476 2614; x_wconf 86' lang='lat' dir='ltr'>quo</span> <span class='ocrx_word' id='word_1_106' title='bbox 492 2527 637 2613; x_wconf 85' lang='lat' dir='ltr'>deinceps</span> <span class='ocrx_word' id='word_1_107' title='bbox 652 2531 741 2614; x_wconf 87' lang='lat' dir='ltr'>plura</span> <span class='ocrx_word' id='word_1_108' title='bbox 759 2531 918 2616; x_wconf 89' lang='lat' dir='ltr'>dicemus,</span> <span class='ocrx_word' id='word_1_109' title='bbox 942 2537 1039 2604; x_wconf 84' lang='lat' dir='ltr'>maxi·</span> 
     </span>
     <span class='ocr_line' id='line_1_18' title="bbox 112 2645 1042 2736; baseline 0 -24"><span class='ocrx_word' id='word_1_110' title='bbox 112 2647 346 2731; x_wconf 86' lang='lat' dir='ltr'>meimpedivit.</span> <span class='ocrx_word' id='word_1_111' title='bbox 390 2645 543 2732; x_wconf 87' lang='lat' dir='ltr'>Quicum</span> <span class='ocrx_word' id='word_1_112' title='bbox 569 2647 630 2730; x_wconf 87' lang='lat' dir='ltr'>ipse</span> <span class='ocrx_word' id='word_1_113' title='bbox 647 2647 798 2715; x_wconf 83' lang='lat' dir='ltr'>Placidiae</span> <span class='ocrx_word' id='word_1_114' title='bbox 821 2670 923 2718; x_wconf 91' lang='lat' dir='ltr'>amore</span> <span class='ocrx_word' id='word_1_115' title='bbox 945 2654 1042 2736; x_wconf 83' lang='lat' dir='ltr'>depo.</span> 
     </span>
     <span class='ocr_line' id='line_1_19' title="bbox 112 2745 1044 2849; baseline 0.004 -23"><span class='ocrx_word' id='word_1_116' title='bbox 112 2762 208 2844; x_wconf 90' lang='lat' dir='ltr'>riret,</span> <span class='ocrx_word' id='word_1_117' title='bbox 230 2778 364 2844; x_wconf 88' lang='lat' dir='ltr'>eumque</span> <span class='ocrx_word' id='word_1_118' title='bbox 385 2745 444 2825; x_wconf 84' lang='lat' dir='ltr'>srbi</span> <span class='ocrx_word' id='word_1_119' title='bbox 470 2759 651 2843; x_wconf 84' lang='lat' dir='ltr'>desponderi</span> <span class='ocrx_word' id='word_1_120' title='bbox 673 2779 814 2847; x_wconf 86' lang='lat' dir='ltr'>opturet,</span> <span class='ocrx_word' id='word_1_121' title='bbox 836 2755 929 2831; x_wconf 80' lang='lat' dir='ltr'>nullo&#39;</span> <span class='ocrx_word' id='word_1_122' title='bbox 945 2768 1044 2849; x_wconf 77' lang='lat' dir='ltr'>patto</span> 
     </span>
    </p>

    <p class='ocr_par' dir='ltr' id='par_1_6' title="bbox 993 2875 1040 2942">
     <span class='ocr_line' id='line_1_20' title="bbox 993 2875 1040 2942; baseline -0.043 0"><span class='ocrx_word' id='word_1_123' title='bbox 993 2875 1040 2942; x_wconf 86' lang='lat' dir='ltr'>fe·</span> 
     </span>
    </p>
   </div>
   <div class='ocr_carea' id='block_1_5' title="bbox 107 3056 1122 3865">
    <p class='ocr_par' dir='ltr' id='par_1_7' title="bbox 107 3056 1122 3865">
     <span class='ocr_line' id='line_1_21' title="bbox 114 3056 1044 3136; baseline 0.005 -20"><span class='ocrx_word' id='word_1_124' title='bbox 114 3059 190 3128; x_wconf 70' lang='lat' dir='ltr'>cedia</span> <span class='ocrx_word' id='word_1_125' title='bbox 211 3060 299 3130; x_wconf 80' lang='lat' dir='ltr'>multo</span> <span class='ocrx_word' id='word_1_126' title='bbox 318 3060 450 3136; x_wconf 68' lang='lat' dir='ltr'>Respubl.</span> <span class='ocrx_word' id='word_1_127' title='bbox 469 3061 602 3126; x_wconf 85' lang='lat' dir='ltr'>commodo</span> <span class='ocrx_word' id='word_1_128' title='bbox 610 3060 685 3134; x_wconf 84' lang='lat' dir='ltr'>fult,</span> <span class='ocrx_word' id='word_1_129' title='bbox 732 3059 811 3117; x_wconf 81' lang='lat' dir='ltr'>Nam</span> <span class='ocrx_word' id='word_1_130' title='bbox 823 3058 866 3121; x_wconf 82' lang='lat' dir='ltr'>ad</span> <span class='ocrx_word' id='word_1_131' title='bbox 875 3056 924 3116; x_wconf 82' lang='lat' dir='ltr'>broc</span> <span class='ocrx_word' id='word_1_132' title='bbox 938 3063 1044 3122; x_wconf 81' lang='lat' dir='ltr'>mariti</span> 
     </span>
     <span class='ocr_line' id='line_1_22' title="bbox 113 3163 1042 3238; baseline 0.006 -18"><span class='ocrx_word' id='word_1_133' title='bbox 113 3167 248 3238; x_wconf 38' lang='lat' dir='ltr'>animum,</span> <span class='ocrx_word' id='word_1_134' title='bbox 266 3168 406 3222; x_wconf 84' lang='lat' dir='ltr'>acerrimo</span> <span class='ocrx_word' id='word_1_135' title='bbox 433 3169 543 3238; x_wconf 83' lang='lat' dir='ltr'>ingenio</span> <span class='ocrx_word' id='word_1_136' title='bbox 562 3163 767 3237; x_wconf 79' lang='lat' dir='ltr'>subtilibusque</span> <span class='ocrx_word' id='word_1_137' title='bbox 782 3163 981 3223; x_wconf 77' lang='lat' dir='ltr'>blandimentis</span> <span class='ocrx_word' id='word_1_138' title='bbox 997 3170 1042 3225; x_wconf 81' lang='lat' dir='ltr'>r&#39;n·</span> 
     </span>
     <span class='ocr_line' id='line_1_23' title="bbox 107 3266 1042 3341; baseline 0.007 -19"><span class='ocrx_word' id='word_1_139' title='bbox 107 3266 215 3340; x_wconf 75' lang='lat' dir='ltr'>flexit,</span> <span class='ocrx_word' id='word_1_140' title='bbox 243 3278 278 3325; x_wconf 78' lang='lat' dir='ltr'>ur</span> <span class='ocrx_word' id='word_1_141' title='bbox 302 3269 380 3325; x_wconf 80' lang='lat' dir='ltr'>ultro</span> <span class='ocrx_word' id='word_1_142' title='bbox 402 3286 422 3324; x_wconf 89' lang='lat' dir='ltr'><em>a</em></span> <span class='ocrx_word' id='word_1_143' title='bbox 437 3269 572 3332; x_wconf 81' lang='lat' dir='ltr'>Romanis</span> <span class='ocrx_word' id='word_1_144' title='bbox 586 3280 684 3340; x_wconf 85' lang='lat' dir='ltr'>pacem</span> <span class='ocrx_word' id='word_1_145' title='bbox 693 3277 816 3341; x_wconf 79' lang='lat' dir='ltr'>peteret.</span> <span class='ocrx_word' id='word_1_146' title='bbox 857 3267 890 3324; x_wconf 95' lang='lat' dir='ltr'>ln</span> <span class='ocrx_word' id='word_1_147' title='bbox 902 3283 938 3325; x_wconf 95' lang='lat' dir='ltr'>eo</span> <span class='ocrx_word' id='word_1_148' title='bbox 951 3279 1042 3329; x_wconf 78' lang='lat' dir='ltr'>tumen</span> 
     </span>
     <span class='ocr_line' id='line_1_24' title="bbox 113 3349 1122 3448; baseline 0.008 -23"><span class='ocrx_word' id='word_1_149' title='bbox 113 3383 186 3435; x_wconf 78' lang='lat' dir='ltr'>errat</span> <span class='ocrx_word' id='word_1_150' title='bbox 211 3371 323 3448; x_wconf 81' lang='lat' dir='ltr'>Paullus</span> <span class='ocrx_word' id='word_1_151' title='bbox 348 3370 493 3436; x_wconf 84' lang='lat' dir='ltr'>Diaconus</span> <span class='ocrx_word' id='word_1_152' title='bbox 513 3388 567 3428; x_wconf 84' lang='lat' dir='ltr'>unt</span> <span class='ocrx_word' id='word_1_153' title='bbox 584 3388 648 3429; x_wconf 90' lang='lat' dir='ltr'>cunr</span> <span class='ocrx_word' id='word_1_154' title='bbox 667 3370 803 3430; x_wconf 85' lang='lat' dir='ltr'>lornande</span> <span class='ocrx_word' id='word_1_155' title='bbox 816 3369 850 3427; x_wconf 84' lang='lat' dir='ltr'>de</span> <span class='ocrx_word' id='word_1_156' title='bbox 864 3371 956 3431; x_wconf 80' lang='lat' dir='ltr'>Rebus</span> <span class='ocrx_word' id='word_1_157' title='bbox 975 3375 1041 3442; x_wconf 83' lang='lat' dir='ltr'>Get.</span> <span class='ocrx_word' id='word_1_158' title='bbox 1113 3349 1122 3375; x_wconf 61' lang='lat'><em>⁴</em></span> 
     </span>
     <span class='ocr_line' id='line_1_25' title="bbox 111 3473 1053 3556; baseline 0.007 -25"><span class='ocrx_word' id='word_1_159' title='bbox 111 3495 140 3532; x_wconf 87' lang='lat' dir='ltr'>c.</span> <span class='ocrx_word' id='word_1_160' title='bbox 160 3475 266 3534; x_wconf 82' lang='lat' dir='ltr'>xxxi.</span> <span class='ocrx_word' id='word_1_161' title='bbox 294 3474 372 3550; x_wconf 91' lang='lat' dir='ltr'>quod</span> <span class='ocrx_word' id='word_1_162' title='bbox 395 3473 575 3549; x_wconf 84' lang='lat' dir='ltr'>Ataulplmm</span> <span class='ocrx_word' id='word_1_163' title='bbox 602 3475 720 3535; x_wconf 81' lang='lat' dir='ltr'>Romam</span> <span class='ocrx_word' id='word_1_164' title='bbox 745 3473 908 3551; x_wconf 73' lang='lat' dir='ltr'>reverte&#39;ffe,</span> <span class='ocrx_word' id='word_1_165' title='bbox 927 3479 1053 3556; x_wconf 46' lang='lat' dir='ltr'>locusta„</span> 
     </span>
     <span class='ocr_line' id='line_1_26' title="bbox 113 3577 1039 3653; baseline 0.011 -20"><span class='ocrx_word' id='word_1_166' title='bbox 113 3593 233 3646; x_wconf 79' lang='lat' dir='ltr'>rumque</span> <span class='ocrx_word' id='word_1_167' title='bbox 256 3594 331 3635; x_wconf 86' lang='lat' dir='ltr'>more</span> <span class='ocrx_word' id='word_1_168' title='bbox 344 3583 441 3644; x_wconf 72' lang='lat' dir='ltr'>cancia</span> <span class='ocrx_word' id='word_1_169' title='bbox 456 3577 578 3653; x_wconf 78' lang='lat' dir='ltr'>erastffe,</span> <span class='ocrx_word' id='word_1_170' title='bbox 599 3577 742 3640; x_wconf 83' lang='lat' dir='ltr'>existimat.</span> <span class='ocrx_word' id='word_1_171' title='bbox 782 3578 836 3638; x_wconf 87' lang='lat' dir='ltr'>Sed</span> <span class='ocrx_word' id='word_1_172' title='bbox 852 3580 898 3640; x_wconf 89' lang='lat' dir='ltr'>hic</span> <span class='ocrx_word' id='word_1_173' title='bbox 914 3594 944 3641; x_wconf 86' lang='lat' dir='ltr'>tu</span> <span class='ocrx_word' id='word_1_174' title='bbox 960 3585 1039 3645; x_wconf 83' lang='lat' dir='ltr'>adeas</span> 
     </span>
     <span class='ocr_line' id='line_1_27' title="bbox 113 3676 1044 3757; baseline 0.013 -21"><span class='ocrx_word' id='word_1_175' title='bbox 113 3676 201 3749; x_wconf 76' lang='lat' dir='ltr'>velim</span> <span class='ocrx_word' id='word_1_176' title='bbox 225 3676 430 3752; x_wconf 82' lang='lat' dir='ltr'>Tillemontium</span> <span class='ocrx_word' id='word_1_177' title='bbox 450 3684 522 3749; x_wconf 80' lang='lat' dir='ltr'>Tem.</span> <span class='ocrx_word' id='word_1_178' title='bbox 543 3683 580 3747; x_wconf 82' lang='lat' dir='ltr'>v.</span> <span class='ocrx_word' id='word_1_179' title='bbox 604 3694 636 3755; x_wconf 77' lang='lat' dir='ltr'>p,</span> <span class='ocrx_word' id='word_1_180' title='bbox 657 3696 739 3757; x_wconf 69' lang='lat'>1273·</span> <span class='ocrx_word' id='word_1_181' title='bbox 761 3676 908 3751; x_wconf 76' lang='lat' dir='ltr'>&amp;Illustn</span> <span class='ocrx_word' id='word_1_182' title='bbox 930 3688 1044 3753; x_wconf 78' lang='lat' dir='ltr'>Maleo·</span> 
     </span>
     <span class='ocr_line' id='line_1_28' title="bbox 113 3781 1003 3865; baseline 0.009 -26"><span class='ocrx_word' id='word_1_183' title='bbox 113 3781 193 3853; x_wconf 76' lang='lat' dir='ltr'>vium</span> <span class='ocrx_word' id='word_1_184' title='bbox 208 3786 240 3844; x_wconf 83' lang='lat' dir='ltr'>r‘n</span> <span class='ocrx_word' id='word_1_185' title='bbox 251 3781 326 3864; x_wconf 76' lang='lat' dir='ltr'>llr&#39;st.</span> <span class='ocrx_word' id='word_1_186' title='bbox 342 3788 438 3849; x_wconf 88' lang='lat' dir='ltr'>Germ.</span> <span class='ocrx_word' id='word_1_187' title='bbox 457 3789 530 3846; x_wconf 84' lang='lat' dir='ltr'>Tom.</span> <span class='ocrx_word' id='word_1_188' title='bbox 550 3785 575 3842; x_wconf 89' lang='lat'>1.</span> <span class='ocrx_word' id='word_1_189' title='bbox 595 3783 659 3841; x_wconf 82' lang='lat' dir='ltr'>Lib.</span> <span class='ocrx_word' id='word_1_190' title='bbox 676 3784 760 3842; x_wconf 88' lang='lat' dir='ltr'>Vlll.</span> <span class='ocrx_word' id='word_1_191' title='bbox 783 3786 811 3862; x_wconf 86' lang='lat'>§.</span> <span class='ocrx_word' id='word_1_192' title='bbox 830 3805 878 3865; x_wconf 78' lang='lat'>29.</span> <span class='ocrx_word' id='word_1_193' title='bbox 898 3801 957 3852; x_wconf 80' lang='lat' dir='ltr'>net.</span> <span class='ocrx_word' id='word_1_194' title='bbox 974 3791 1003 3852; x_wconf 85' lang='lat'>6.</span> 
     </span>
    </p>
   </div>
   <div class='ocr_carea' id='block_1_6' title="bbox 0 0 1305 5146">
    <p class='ocr_par' dir='ltr' id='par_1_8' title="bbox 0 0 1305 5146">
     <span class='ocr_line' id='line_1_29' title="bbox 0 0 1305 5146; baseline 0 0"><span class='ocrx_word' id='word_1_195' title='bbox 0 0 1305 5146; x_wconf 95' lang='lat' dir='ltr'> </span> 
     </span>
    </p>
   </div>
  </div>
 </body>
</html>
