2580 5146
385 138 468 225 ha:
530 153 860 225 onaccra
921 155 983 226 ac.
1111 162 1154 230 tr

189 344 352 413 {dicitu
374 357 468 424 atque
485 338 639 421 arcessita,
669 339 718 405 sed
737 339 766 403 in
783 339 906 405 Graeco
924 339 1009 423 quast
1023 340 1087 408 solo
1101 362 1155 427 ge·

202 462 298 526 nita
324 457 384 527 esse
408 455 580 521 videantur.
632 458 682 518 Ac
705 475 742 517 ne
770 455 821 519 hic
846 454 1153 523 vetulsislinraePoi·

192 582 335 640 tarum
357 569 568 655 philosophiae
593 567 767 632 memoriam
794 569 959 650 replicem,
991 589 1082 652 quarn
1106 569 1155 635 sa·

181 678 373 754 bolarum
395 681 613 767 integumentis
635 682 830 762 involutam,
854 701 947 765 quam
967 681 1102 765 fingendi
1117 682 1156 747 ls-

176 803 327 869 eentia
358 800 432 865 mire
457 796 696 862 contaminatam
724 793 841 861 conslat
868 794 974 863 fuisse:
1006 798 1152 880 princeps

172 913 249 984 Gt
284 916 400 983 auctor
430 911 605 977 accuratim
635 908 871 993 philosophandi
910 909 1028 975 Thalea
1052 909 1153 976 extitit
1274 920 1277 927 '

165 1020 380 1099 Milesius.
451 1022 518 1111 Qui
557 1041 629 1088 cum
656 1025 753 1088 multa
776 1023 814 1087 de
836 1022 957 1089 divinae
985 1024 1152 1090 humanae·

183 1162 282 1229 que
312 1139 427 1207 mentia
455 1138 487 1203 vi
513 1156 549 1202 ac
573 1154 702 1219 natura,
725 1136 763 1202 de
782 1138 887 1203 mundi
907 1138 972 1205 satu
989 1142 1083 1222 atque
1098 1157 1150 1207 ot·

182 1266 276 1339 tu,
309 1256 352 1321 de
377 1253 433 1319 fati
459 1251 590 1333 denique
611 1250 780 1317 necestitate
805 1250 975 1333 dissereret,
1007 1253 1091 1337 quast
1109 1251 1149 1318 st·

192 1389 321 1460 ςηυω
349 1369 417 1433 aliis
432 1366 550 1431 sustulit
565 1364 604 1429 ad
621 1368 817 1433 excolendam
834 1366 915 1433 islam
934 1369 1146 1452 philosophiae

194 1502 365 1573 partem,
397 1499 478 1564 quae
494 1477 597 1562 postea
611 1478 839 1563 hletaphysicae
857 1483 980 1547 nomine
997 1484 1147 1548 celebrata

190 1599 275 1666 est.
320 1594 454 1664 Difficile
467 1592 552 1660 dictu
567 1593 633 1674 est,
654 1593 845 1676 Auditores,
868 1612 947 1679 quot
964 1598 1148 1693 quantusue

210 1709 319 1798 genio
351 1708 408 1775 viri
438 1708 531 1793 hujus
558 1708 722 1793 ‘doslrinae
749 1706 848 1774 studio
870 1707 1044 1774 exarserint.
1096 1711 1147 1776 Ac

212 1838 350 1893 tanturn
377 1820 497 1902 abfuit,
528 1836 563 1885 ut
589 1820 630 1885 tei
649 1822 795 1903 materia,
818 1824 990 1885 intraturae
1008 1822 1150 1889 obscuri·

215 1953 317 2021 tate,
349 1935 579 2018 senatorem,
602 1934 781 2013 recondita,
803 1933 888 1997 hunc
905 1932 1076 1999 animorum
1090 1936 1150 2003 im·

224 2066 337 2139 petum
359 2047 541 2131 tondant,
573 2064 608 2115 ut
622 2048 685 2132 ipsa
700 2048 807 2131 potius
821 2045 986 2113 difficultas
1003 2049 1148 2135 magis&

220 2163 323 2251 magis
356 2162 558 2248 investigandi
579 2162 739 2229 sollertiam
766 2176 939 2228 exacueret.
991 2164 1148 2251 Magnum

219 2282 253 2349 in
274 2282 334 2347 hae
359 2278 518 2361 disciplina
543 2295 654 2343 nomen
679 2276 740 2343 fuit
762 2276 973 2362 Pythagorae,
1004 2279 1057 2365 st,
1087 2283 1143 2368 qui

222 2396 260 2463 ad
284 2396 353 2482 ejus
369 2394 398 2461 se
415 2392 626 2458 auctoritatem
642 2390 859 2473 contulissent,
882 2392 1083 2479 Empedoclis
1109 2402 1142 2468 hc

223 2508 426 2595 Epicharmi3
465 2495 609 2590 magnum
644 2506 716 2571 item
742 2507 962 2591 Anaxagorae,
996 2531 1142 2595 magnum

222 2624 431 2702 Parmenidis,
469 2619 667 2703 pluriumque
702 2621 854 2703 aliorum,
886 2642 967 2703 quos
995 2630 1143 2692 nrenroria

208 2736 368 2819 consequi
396 2734 516 2800 difficile
546 2732 609 2813 est,
647 2734 677 2800 δι
705 2753 879 2799 enumerate
904 2736 1045 2818 longum.
1097 2740 1145 2806 Aa

222 2855 303 2918 enirn
331 2868 403 2917 vero
429 2848 625 2931 praecipuam
650 2847 881 2933 Metaphysrcae
904 2847 1144 2933 &locupletam

224 2966 280 3033 dae
317 2963 349 3030 tic
392 2962 431 3027 ad
477 2962 651 3046 disciplinae
688 2962 820 3029 sormam
858 2962 1061 3047 habitumque
1094 2988 1143 3034 re·

222 3079 370 3165 digendae
405 3077 533 3161 gloriam
578 3076 634 3143 sthi
674 3077 832 3144 vindicant
881 3077 945 3142 duo
987 3081 1142 3167 principes

217 3193 407 3277 intelligendi
440 3193 599 3278 magistri,
639 3192 693 3275 qui
728 3194 836 3282 merito
859 3193 998 3260 omniurn
1023 3196 1141 3266 seculo·

216 3329 289 3377 tutu
320 3309 432 3374 oculos
464 3308 644 3390 animosque
678 3311 708 3374 in
734 3308 762 3374 se
783 3326 1021 3391 converterunt,
1050 3311 1139 3383 Plato

214 3438 314 3503 atque
330 3421 516 3488 Aristoteles.
568 3425 710 3509 Quorum
732 3439 859 3506 uterque
878 3441 1004 3495 aetatem
1023 3435 1138 3497 contri·

211 3536 265 3605 vit
284 3533 317 3599 in
334 3533 558 3620 investiganda,
583 3538 685 3618 quoad
700 3539 836 3605 lrumatro
850 3540 970 3623 iugenio
988 3543 1050 3611 steri
1067 3562 1139 3626 pot⁴

188 3660 192 3669 '
725 3652 749 3715 F
1053 3671 1141 3736 erat,
