2580 5146
234 358 476 433 GALLA
526 356 897 435 PLAcIDIA.
971 391 1032 456 149

104 549 185 616 nihil
209 568 266 615 nos
281 545 483 615 dubitationis
498 546 609 614 habere
623 547 757 632 amplios
773 547 934 617 debemus.
966 550 1029 619 Sed

102 662 176 729 satis
201 662 358 729 aetenae
387 658 500 727 studio.
556 662 756 747 Attingamua
789 678 919 749 cetera,
950 684 1029 750 quae

101 776 196 861 digna
211 775 302 844 nob'm
319 791 491 843 memoratu
506 772 621 861 ineius
636 776 701 843 vita
716 775 914 851 videbuntur.

541 998 614 1068 tv.
694 985 699 991 ⁵

143 1234 193 1300 At
216 1230 353 1315 primam
375 1226 525 1312 quidem,
557 1244 620 1310 qua
647 1229 766 1297 ratione
791 1230 830 1298 ab
851 1226 1029 1297 Throdoiio

104 1349 140 1413 in
164 1342 393 1417 matrimonium
420 1340 573 1427 assumpta
595 1342 653 1426 iit,
682 1342 829 1411 brevibus
854 1347 912 1413 erit
933 1346 1032 1430 eapti·

105 1461 254 1527 tandum.
279 1456 283 1463 '
307 1458 493 1541 Flagrabant
516 1456 567 1523 illa
586 1473 725 1542 tempora
754 1456 903 1526 bellorum
928 1460 1034 1528 iaceo·

103 1575 192 1657 dim,
214 1570 358 1640 Maximo
370 1587 505 1659 tyranno
520 1573 564 1640 A.
579 1570 622 1640 C.
640 1576 702 1657 387
723 1570 841 1640 Italiam
860 1575 890 1640 vi
906 1577 1033 1660 impres·

103 1690 253 1771 stoneqne
276 1685 436 1763 eversuro.
459 1707 517 1754 nec
540 1701 637 1754 mater
651 1686 783 1770 Gallae,
806 1687 942 1773 lustina,
963 1708 1032 1758 tan·

108 1803 138 1871 ti
162 1820 269 1885 expuo
293 1800 423 1886 periculi
456 1816 578 1887 poterat
607 1801 696 1889 elie,
724 1820 917 1890 propterea,
947 1804 1035 1888 qnod

960 1916 1036 1985 huic

107 2170 182 2221 cnm
204 2154 327 2216 Arcadio
349 2155 545 2228 imarceliere,
564 2156 743 2218 nonantule
761 2156 959 2232 Marcellinus,
978 2176 1036 2221 rem

106 2258 188 2336 quasi
212 2259 284 2319 aliud
306 2261 416 2336 agendo
438 2278 608 2336 exponoma
635 2278 694 2322 non
709 2275 803 2323 tamen
815 2261 853 2322 de
864 2262 952 2323 nihilo
969 2264 1040 2325 exti-

104 2363 171 2425 till'e
196 2363 343 2435 videntur,
363 2380 431 2425 cunt
453 2382 595 2426 novercae
611 2364 640 2425 in
657 2366 746 2440 palatii
762 2368 826 2426 luce
844 2369 960 2442 amplius
977 2385 1041 2430 ver·

106 2467 162 2552 sari
181 2468 257 2527 nefas
276 2468 371 2529 fuerit.
411 2469 440 2528 Si
458 2471 636 2547 conjecturae
653 2474 735 2532 locus
752 2471 810 2543 ert,
831 2472 936 2533 Gallam
948 2476 967 2544 ,'
978 2492 1043 2535 ore·

106 2572 245 2645 diderim,
256 2571 418 2634 Theodosso
435 2574 565 2646 absente,
585 2574 663 2649 quod
678 2577 801 2636 hucdom
809 2577 1043 2655 diffimulaverat,

107 2677 258 2746 Ariammi
283 2678 360 2738 virm
383 2677 554 2749 evomniffe,
583 2678 678 2754 facque
702 2683 823 2754 probum
849 2682 961 2744 Arcadii
983 2683 1043 2741 ani·

108 2797 189 2840 mum
221 2798 281 2841 nort
305 2781 485 2847 mediocriter
509 2783 632 2846 irritasse.
680 2783 854 2845 Confirmata
881 2784 945 2843 sane
970 2784 1045 2844 hane

108 2866 323 2959 conjecturam,
343 2899 487 2966 quotquot
506 2903 551 2948 rea
567 2904 584 2947 a
601 2887 765 2950 Tbeodosso
780 2885 865 2961 gestas
883 2886 969 2944 literis
988 2898 1044 2944 tra·

107 2987 217 3048 didere.
264 2990 337 3049 Nam
364 2989 486 3065 priorem
508 2991 661 3053 Theodoili
679 2990 852 3065 conjugem,
868 2988 1048 3062 Flaccillam,

110 3090 171 3152 dici
189 3092 238 3153 vix
256 3091 366 3166 potest,
387 3108 560 3168 quantopere
575 3095 701 3159 laudlboa
723 3094 874 3164 extollant,
894 3107 958 3151 cum
977 3110 1048 3154 con·

114 3209 161 3254 tra
178 3211 209 3255 ea
225 3196 261 3256 de
280 3196 375 3256 Gallae
393 3197 600 3275 irreligionem
619 3199 728 3271 lludlo,
747 3198 826 3256 velut
842 3212 861 3263 e
878 3200 1051 3270 compacto,

118 3296 223 3359 fileant.
272 3297 351 3378 Quin
370 3301 480 3362 Auctor
498 3301 631 3364 Chronico·
641 3300 788 3376 Paschallr
800 3312 835 3376 p.
851 3315 920 3378 ³4³·
937 3300 984 3360 eli
999 3301 1052 3361 Vc·

113 3414 179 3462 ater.
204 3400 240 3471 θ
262 3415 297 3478 p.
315 3417 383 3478 305.
403 3404 447 3465 ed.
464 3408 564 3482 Paris.
602 3407 758 3470 Flaccillam
776 3405 965 3466 orthodoxam
984 3407 1051 3469 Gal·

119 3508 164 3564 lae
193 3507 330 3580 opponitt
358 3506 512 3587 Theodostur
531 3512 610 3587 Aug.
629 3516 771 3590 conjugem
790 3508 896 3575 habuit
913 3515 1051 3584 Gallam,

123 3619 180 3667 cet.
216 3609 327 3671 Habuit
340 3610 507 3679 &alteram
521 3618 663 3694 conjugem
669 3618 833 3688 Flaccillam
852 3619 1056 3689 orthodoxam.

125 3722 183 3809 rttt
223 3710 279 3778 Sed
292 3711 355 3782 &tit
372 3719 605 3795 conjecturarum.

623 3853 695 3943 Ka
