2580 5146
294 321 558 408 moerorum
603 326 929 408 umunnrrco.
982 346 1084 431 rap.

137 523 233 592 iiiam
249 523 279 590 in
292 522 458 607 perniciem
476 536 611 602 vocent,
634 520 879 606 retenimamque
892 523 1061 590 barbariem

143 639 316 708 reducant?
335 635 417 701 Vere
431 636 525 721 igirpr
539 635 700 702 Petronius
715 636 839 702 Arbiter
851 656 973 705 omnem
988 638 1068 705 libe·

120 726 218 822 malis
232 750 405 831 dodrlnae,
426 749 564 833 inprimis
579 750 791 834 eloquentiae,
807 750 839 818 in
857 749 988 817 deterius
998 753 1065 837 lap·

142 871 193 937 sae
211 869 334 952 'culpam
358 863 481 930 confert
502 865 532 928 in
557 863 771 931 unrbraticurn
794 864 985 952 moerorem,
1007 871 1063 953 qus

132 988 293 1071 juranum
320 982 453 1066 ingenia
483 977 580 1046 delet.
638 979 753 1067 Juvat,
782 997 874 1064 quam
901 979 1064 1047 Petronius

138 1099 247 1167 leviter
266 1092 439 1182 perstrinxit
460 1093 624 1159 umbratici
646 1092 782 1159 dodoris
797 1090 1010 1178 disciplinam,
1032 1094 1064 1164 irr

138 1216 203 1282 hoe
232 1186 500 1278 eruditiiiiluorum
535 1207 696 1273 hominum
727 1221 881 1275 conventu
915 1210 1066 1294 explicate

140 1325 290 1408 roenna,
302 1320 482 1408 'praeferrim
502 1340 573 1387 cum
591 1321 641 1387 illa
653 1321 875 1405 examinanda,
889 1340 982 1408 quarn
1001 1323 1081 1410 lpse·

140 1441 224 1507 niam
245 1457 283 1504 ac
304 1436 452 1502 rationem
478 1433 610 1502 docendi
630 1436 792 1505 tenendum
815 1452 940 1523 putam,
970 1437 1061 1506 fimul

140 1551 310 1638 fignificare
334 1569 372 1616 ac
395 1549 547 1615 declarare
572 1544 694 1635 poffim.
744 1549 842 1637 Quod
867 1551 942 1623 dum
957 1554 1061 1636 sacio,

141 1667 255 1753 quaeso
275 1686 293 1732 a
317 1664 442 1746 Vobis,-
472 1664 656 1731 Omntiliirni
672 1665 860 1748 Arrdirores,
883 1681 919 1734 ut
933 1688 1001 1751 me,
1023 1668 1063 1734 sr-

126 1774 201 1849 'cut
217 1780 315 1847 iacere
329 1776 517 1861 inllituistis,
539 1780 667 1864 benigne
682 1795 856 1862 attenteque
871 1782 1019 1855 audiatis.

188 1893 255 1962 Etsi
268 1893 402 1981 plerique
424 1896 566 1960 mortales
581 1894 671 1961 insito
685 1893 824 1976 quadam
839 1895 920 1959 lucis
937 1895 968 1958 &
984 1899 1061 1962 cele·

144 2010 268 2078 irritatis
294 2007 391 2076 lludio
407 2006 585 2091 ducuntur,
607 2008 726 2072 multos
743 2005 892 2071 tamenin
907 2007 1061 2077 literarum

147 2102 289 2192 iludiosri
312 2122 483 2206 reperietis,
513 2123 568 2205 qui
588 2121 651 2188 five
667 2136 793 2188 natrtrae
808 2117 1004 2204 morofitate,
1025 2121 1065 2190 sr-

145 2259 185 2306 ae
200 2237 357 2323 superbia,
387 2235 561 2304 &aliorum
577 2250 757 2319 contemtu,
781 2232 842 2302 srve
859 2234 951 2303 nimia
965 2237 1066 2304 litera·

144 2365 213 2420 rum
242 2351 407 2432 ariditate,
434 2348 497 2419 srne
520 2366 707 2437 quacunque
722 2350 780 2417 alia
795 2349 916 2435 caulla,
940 2353 971 2422 iu
994 2371 1062 2421 mu·

142 2467 306 2537 seiumlrra
321 2467 363 2530 ia
378 2464 513 2533 felleris
530 2466 665 2549 abdant,
686 2481 722 2532 ut
737 2443 920 2552 reipublicae
937 2471 1061 2555 lucem,
1081 2539 1084 2543 ,
1119 2522 1123 2533 .

142 2580 366 2664 hominumque
385 2581 633 2649 consuetudinem
647 2580 789 2667 fugiant,
805 2559 862 2652 nec
878 2584 1063 2672 quicquam,

141 2696 231 2782 quod
247 2697 287 2762 ad
300 2713 497 2762 communem
512 2696 648 2765 studium
666 2695 698 2762 dr
713 2698 1061 2785 utilitatempertinent,

141 2815 175 2880 in
198 2811 371 2894 adspectum
387 2808 579 2893 producant:
606 2811 658 2892 qui
675 2809 744 2876 inde
762 2830 780 2877 a
798 2811 918 2877 Latinis
935 2812 1065 2879 umbra·

144 2932 203 2993 rici
219 2926 285 2993 lunt
299 2922 453 3008 appellari.
477 2923 520 2989 Hi
539 2921 700 3008 postquam
717 2923 745 2988 s:
761 2922 799 2988 ab
807 2922 967 2989 hominum
977 2936 1065 2991 com·

145 3041 259 3106 mencio
282 3041 496 3122 segregarunt,
525 3036 823 3103 ceterishominibus
839 3038 968 3104 nullate
985 3038 1066 3106 fimi·

143 3158 189 3222 les
202 3152 259 3219 else
272 3155 402 3232 volunt,
425 3151 467 3217 fic
485 3148 630 3232 demum,
654 3153 743 3219 ilulre
758 3150 932 3234 credentes,
955 3152 983 3218 se
998 3168 1068 3238 gra·

144 3269 259 3334 viorenr
282 3262 548 3350 augustioremque
572 3267 698 3349 speciem
723 3266 895 3331 lrabituros.
947 3267 1065 3337 Vultus
1086 3327 1090 3340 .

141 3384 187 3447 est
204 3384 331 3449 tetricus
345 3378 376 3449 de
391 3383 604 3461 truculentus,
623 3379 772 3447 ridiculus
790 3379 939 3466 incellus,
956 3384 1067 3452 abhor-

94 3557 102 3574 ,
146 3513 217 3559 rens
237 3513 254 3558 a
277 3513 361 3560 more
385 3497 545 3589 communi
564 3498 702 3578 corporis
719 3511 844 3577 motus,
866 3499 992 3568 vellitus
1010 3502 1068 3568 irn-

149 3605 264 3671 munda
294 3606 398 3672 illuvie
423 3610 585 3693 squalens,
615 3625 736 3677 utnon
761 3613 901 3679 hominen
929 3615 1065 3699 diceres,

149 3719 200 3789 sed
224 3720 381 3790 hominum
406 3723 662 3822 terriculamenta.
714 3727 833 3811 Quodsi
859 3730 937 3796 sorte
953 3749 1071 3794 exirm·

644 3856 646 3860 ·
1005 3838 1074 3904 bra·
