2580 5146
459 754 602 828 'nn

122 1066 488 1173 nocuonn
545 1066 1020 1179 umnuarrcoa,
1102 1112 1105 1117 ·

134 1250 1036 1537 „waso

95 1814 222 1967 Cum
243 1899 314 1953 ame
338 1862 571 1969 quadriennium
588 1909 688 1971 eoque
701 1888 835 1971 amplius
849 1906 887 1955 cx
905 1888 966 1954 hoc
986 1839 1026 1953 u.

97 2003 188 2072 lustri
210 2018 304 2085 atque
319 1999 402 2066 edito
417 2003 515 2085 loco,
538 2002 665 2084 auspicii
684 2000 809 2084 cauffo,
830 2000 925 2068 uerba
942 2000 1050 2067 faceo·

97 2138 189 2199 rem,
216 2115 270 2182 east
292 2114 395 2182 animo
419 2135 483 2184 non
506 2116 702 2182 mediocriter
726 2115 957 2194 conturbabar,
980 2129 1030 2180 ta·.

98 2252 173 2310 mpn
188 2251 235 2297 me
249 2231 383 2313 erigebat
399 2229 647 2312 sustentabatque
664 2228 759 2315 ipsrus
775 2229 931 2311 muneris,
954 2245 1026 2307 turn

98 2347 178 2414 mihi
192 2345 302 2428 delati,
313 2345 485 2428 cogitatio,
502 2344 590 2427 quod
605 2363 668 2411 non
683 2359 745 2426 tam
760 2345 899 2412 disertam
914 2342 946 2410 dr
959 2345 1029 2411 dte·⁸

99 2479 204 2528 torum
224 2460 360 2526 artificiis
381 2461 546 2542 expolitum
573 2460 763 2543 orationem,
793 2481 886 2543 quam
906 2459 1024 2532 nudam

103 2574 274 2660 argumenti
288 2573 443 2644 thaecis
456 2574 551 2640 literis
570 2572 670 2643 hausti
686 2577 904 2643 enarrationem
920 2576 1030 2660 postue
1058 2656 1066 2685 Ι

101 2691 201 2757 labat.
254 2687 431 2755 Hodiernus
454 2704 556 2756 autem
581 2688 647 2755 dies
664 2689 809 2776 majorem
827 2692 905 2758 milri
921 2708 1030 2760 curam

102 2804 137 2870 or
160 2801 394 2871 sollicitudinem
421 2803 534 2887 injicit.
587 2803 711 2873 Etenim
727 2823 791 2870 non
809 2805 882 2870 satis
896 2801 961 2881 est,
983 2804 1032 2869 lu·

102 2939 176 2995 cum
200 2918 302 2985 miuus
328 2918 456 2997 tritum,
486 2917 579 2985 &ab
597 2916 799 2984 Historiarum
814 2913 1031 2985 tradendarum
1067 2966 1071 2974 .

102 3052 227 3101 munere
248 3051 311 3098 uon
333 3032 486 3115 alienum,
515 3051 553 3099 ex
579 3031 741 3114 vetustatis
759 3028 904 3097 memoria
920 3029 1034 3113 depro-

101 3167 204 3228 mere,
218 3147 272 3213 niti
291 3147 343 3213 hic
359 3147 439 3237 idem
456 3147 603 3214 omuibus
618 3147 783 3213 verborum
801 3144 1030 3211 sententiarum·

99 3280 164 3345 que
178 3261 349 3341 luminibus
362 3261 406 3331 ita
418 3261 652 3346 frequentetur,
674 3278 766 3328 nemo
782 3272 818 3324 ut
832 3278 937 3339 unus,
954 3260 1033 3345 quin

98 3375 311 3460 Eloquentiae
341 3377 432 3450 etiam
463 3375 610 3455 Profeffio
636 3376 668 3443 iu
692 3377 764 3443 loco
786 3371 885 3459 posita
910 3374 969 3458 iit,
998 3375 1034 3450 in

101 3489 238 3561 dubium
259 3500 371 3556 vocare
404 3489 509 3574 poffit.
560 3491 678 3560 Verum
704 3489 1030 3575 multopehemeatius

103 3596 354 3675 commoveor&
368 3605 452 3686 loci,
475 3605 508 3672 itt
524 3624 615 3688 quem
631 3607 770 3688 prodeo,
793 3606 975 3691 splendore,
999 3606 1032 3676 da

104 3717 265 3804 muueris,
296 3717 383 3803 quod
404 3717 564 3808 auspicor,
597 3718 798 3804 amplitudine
821 3720 1035 3808 dignumne,
