2580 5146
279 346 361 417 us
424 345 755 421 canneru
818 353 881 423 m.
989 361 1031 443 a,

107 537 209 616 bhes,
238 552 277 599 an
303 550 425 599 nmrutn
450 532 636 599 sanctitatem
654 536 753 619 magis
769 536 937 621 admirere,
960 541 1031 625 phi.

105 647 277 732 losnphiatn
295 666 314 713 a
333 645 500 712 latentibus
518 666 617 712 rerum
633 649 741 714 catallis
752 652 1031 731 anquirendisavo·

103 763 212 844 cauit,
241 778 333 843 atque
357 758 397 825 ad
423 760 518 825 vitam
541 779 738 828 communem
767 764 915 834 traduxit.
968 768 1031 835 Hic

103 894 139 943 ut
156 876 253 941 mirus
270 874 330 941 suit
345 873 493 959 ingenio,
516 876 679 957 moribus,
703 876 839 959 vita,s1c
850 881 1032 950 nrrvaetiam

103 1006 197 1074 atquc
214 1004 303 1055 antea
317 987 458 1055 inaudita
474 987 504 1053 dr
521 991 646 1071 prorsus
661 991 804 1075 singulari
828 992 899 1058 usus
919 992 1034 1062 elido.

101 1104 190 1171 cendi
222 1104 356 1170 ratione.
418 1102 543 1169 Etenim
573 1123 637 1170 non
660 1104 885 1188 declamando,
914 1125 951 1174 ut
973 1109 1033 1176 So·

101 1217 221 1305 philis,
242 1235 308 1285 non
324 1216 518 1284 inculcandis
537 1219 719 1303 vulgaribus
737 1239 860 1286 morum
883 1241 1032 1308 praecep-

103 1332 167 1415 tis,
200 1345 238 1399 nt
252 1332 446 1415 malogus,
468 1350 531 1397 non
546 1333 632 1399 libris
647 1333 678 1399 in
695 1336 808 1418 vulgus
822 1334 972 1420 edendis,
994 1351 1031 1403 ot

104 1445 278 1531 philosophi
294 1432 405 1533 ceteti;
429 1446 479 1513 sed
493 1446 623 1513 aliorum
637 1448 837 1532 opinionibus
854 1450 962 1517 blande
977 1451 1031 1519 eli-

102 1561 242 1645 ciendis,
271 1560 305 1629 st
328 1560 488 1643 absurdis,
520 1580 599 1645 quae
623 1580 663 1628 ex
686 1562 724 1632 iis
747 1565 1030 1650 consequerentur,

104 1676 203 1763 lepide
225 1673 395 1762 iocoseque
419 1676 644 1760 coarguendis,
676 1680 816 1746 homines
844 1681 883 1745 ad
906 1680 1031 1749 virtutis

10 1830 18 1841 -
106 1806 197 1875 ttqne
223 1787 392 1857 honestatis
431 1790 563 1856 studium
596 1793 839 1875 amplectendum
870 1794 1031 1863 excitavit.

105 1904 230 1997 Quibus
255 1902 381 1986 quidem
403 1903 625 1989 elegantissimis
651 1904 684 1972 dc
706 1906 815 1972 Attico
841 1907 899 1973 sale
924 1906 1033 1973 condi

109 2020 148 2087 tia
173 2018 456 2104 disputationibus,
488 2040 560 2086 cunt
586 2019 650 2103 ipse
669 2019 814 2084 Socrates
831 2023 947 2084 literam
962 2019 1036 2086 scri·

107 2132 196 2217 pserit
216 2136 357 2215 nullam,
378 2133 470 2199 nobis
496 2133 625 2201 omnino
650 2132 814 2198 carendum
833 2131 956 2215 suisset,
978 2130 1035 2200 uili

108 2250 156 2332 ti,
179 2267 294 2335 magno
318 2248 529 2332 philosophiae
549 2247 780 2331 &optimarum
798 2247 907 2314 urtirrm
925 2250 1034 2333 bono,

107 2360 194 2431 Plato
217 2362 250 2428 dt
274 2363 449 2446 Xenophon
466 2361 610 2446 discipuli
624 2360 818 2446 obtigilient,
842 2364 934 2430 ambo
950 2364 1036 2448 inge·

104 2480 144 2546 uii
167 2476 327 2545 venustate
351 2493 444 2560 atque
464 2477 613 2560 elegantia
638 2477 811 2557 florentes,
840 2479 1033 2562 eloquentiae

103 2595 198 2679 copia
223 2592 255 2658 dt
278 2592 421 2660 varietate
447 2593 552 2658 ambo.
613 2592 744 2659 Felicem
771 2594 945 2679 magistrum
963 2595 1035 2660 tali·

101 2704 166 2777 bus
202 2706 381 2791 discipulis!
426 2707 545 2773 Felices
580 2704 748 2789 discipulos
778 2711 830 2774 tuli
867 2707 1030 2791 magistro!

97 2820 147 2891 Hi
174 2820 328 2906 quicquid
346 2840 384 2887 ex
399 2821 506 2886 divino
526 2820 579 2886 illo
599 2820 735 2888 Socratis
753 2841 805 2886 ore
820 2822 1034 2903 arripuissent,

96 2937 229 3022 scriptis
250 2934 411 3021 diligenter
433 2934 646 3016 mandarunt,
674 2933 864 3015 eandemque
888 2930 1034 2998 sermonis

95 3052 301 3123 festivitatem
319 3050 519 3132 nativumque
534 3051 689 3132 leporem,
712 3066 776 3131 qno
784 3048 925 3113 Socrates
945 3045 1035 3129 snpra

98 3171 239 3237 cunsios
257 3167 398 3233 mortales
416 3165 583 3246 excelluit,
606 3163 743 3230 oratione
760 3164 813 3229 sua
830 3160 870 3227 fic
886 3160 1035 3245 exprelle·

100 3301 203 3367 nunt,
225 3283 301 3349 nihil
321 3298 354 3347 ut
374 3279 447 3365 fingi
463 3277 553 3362 polilt
569 3277 1033 3361 venustius,nilrilscitemagis
1102 3334 1116 3355 ,

104 3403 138 3475 A
153 3400 282 3466 Socrate
298 3396 419 3481 igitur,
441 3410 591 3476 tanquam
610 3413 629 3459 a
646 3394 746 3478 capite
764 3393 795 3459 &
810 3392 948 3475 origine,
964 3412 1037 3475 pto·

105 3514 205 3581 rectae
226 3527 390 3579 manarunt
418 3528 525 3574 omnes
555 3507 757 3592 posteriorum
783 3507 1037 3592 philosophorum

109 3626 279 3709 praeclarae
306 3623 528 3709 disputationes
550 3621 587 3687 de
604 3642 703 3708 aequo
722 3622 872 3707 debono,
895 3624 933 3689 de
947 3622 1038 3709 julli-

110 3739 154 3808 tia
177 3739 208 3813 dr
230 3740 314 3827 lide,
344 3737 382 3807 de
403 3738 510 3812 ceteris
536 3736 669 3820 denique
693 3739 806 3821 rebus,
838 3738 953 3823 quibus
979 3737 1039 3800 ho·

618 3851 644 3922 F
664 3876 687 3937 4
980 3842 1040 3909 nii·
