2580 5146
389 357 470 428 ou
534 339 880 424 nouoruo.
1032 374 1093 442 309

173 541 261 626 quod
282 560 320 609 ex
341 539 478 624 Vopisco
493 540 524 605 in
539 539 696 606 Aurelian.
717 558 769 624 30.
792 530 849 606 sabi
866 539 1017 622 collegisse
1035 519 1091 606 iila

172 657 266 736 sunt,
283 656 461 740 Longinum
478 655 619 738 Syriacae
635 655 754 737 linguae
770 654 900 737 peritum
916 651 1015 719 fuisse.
1045 657 1092 719 At

171 770 272 837 scierit
291 772 434 853 synam,
456 769 532 835 nihil
547 766 701 849 impedio:
726 768 870 849 quamvis
888 766 920 830 id
935 786 972 832 ex
993 767 1090 832 ambi·

171 902 238 968 guo
250 883 371 968 Vopisci
384 887 455 949 loco
469 884 520 947 vix
538 881 664 965 intelligi
680 880 788 965 pollita
811 899 884 946 num
899 880 1016 946 idcirco
1035 879 1093 945 lla·

172 1001 228 1064 tim
254 999 286 1064 in
301 998 389 1082 Syria
403 1012 495 1063 natus
517 995 672 1078 putandus
687 995 754 1063 esti
776 994 950 1079 Ejrrscnim
971 993 1092 1078 linguae

171 1113 222 1179 vel
254 1129 388 1178 amatre
415 1111 447 1177 in
471 1110 627 1191 Graecia,
659 1111 707 1174 vel
735 1109 980 1192 aPalmyrenis,
1010 1107 1094 1193 apud
1160 1093 1165 1105 ’

177 1244 260 1308 quos
276 1226 379 1309 pollea
395 1226 470 1293 uiuit
480 1269 491 1304 ,
502 1224 657 1291 discendae
667 1223 843 1291 facultatem
851 1223 969 1290 habuit.
995 1223 1098 1306 Equi·

176 1338 245 1402 dem
272 1340 369 1404 multo
395 1341 523 1423 pronior
546 1338 600 1406 lim
627 1341 658 1406 in
683 1339 856 1408 sententiam
878 1337 1040 1426 Jo,Jons1i
1057 1337 1095 1402 de

177 1451 604 1537 scnpt.ttttt.tlnt.tu.14.
648 1455 785 1522 Athenas
804 1455 949 1539 Longino
966 1453 1096 1538 patriam

176 1567 352 1634 tribuentia.
408 1567 468 1633 llic
502 1587 581 1633 terre
606 1572 672 1653 ejus
698 1571 900 1649 avunculus,
929 1569 1097 1648 Phronto,

177 1679 360 1762 Emisenae,
395 1700 433 1748 ex
467 1685 557 1766 cujus·
588 1685 687 1748 sorore
715 1681 921 1748 Phrontonide
944 1680 1101 1748 natusest
1200 1728 1208 1739 .

181 1793 368 1877 Longlnua,
398 1811 492 1863 artem
518 1798 699 1862 rhetoricam
725 1793 868 1860 docebat.
921 1794 993 1880 Qua
1015 1796 1051 1860 de
1069 1813 1101 1860 re

179 1909 319 1991 egregius
334 1908 377 1975 est
394 1913 484 1975 locus
500 1910 631 1977 Suidnet
657 1909 975 1997 opsnur’llprenrle,
995 1911 1099 1993 ῥήτωρ,

180 2026 311 2102 γεγονὸς
334 2025 383 2092 tel
411 2027 613 2107 tausignani
641 2025 789 2107 βασιλέως
816 2026 846 2092 la
869 2024 993 2107 'Pallan‘
1026 2026 1056 2089 ln
1069 2024 1102 2093 ll

185 2138 324 2215 ’Asinaeo
340 2140 550 2207 inamaricant
566 2140 737 2228 oranaim
752 2142 793 2225 τᾷ
806 2141 929 2225 apirp,
949 2136 1000 2206 arai
1011 2134 1106 2221 ’apl-

184 2276 218 2335 ει
233 2255 274 2336 τῷ
290 2254 427 2333 Γαδαρεῖ.
452 2254 629 2332 ἐτελεύτησε
644 2257 675 2324 δὲ
690 2257 721 2323 ἐν
738 2251 904 2334 Ἀθήναιε,
928 2253 992 2338 περὶ
1008 2254 1037 2334 ἲ
1053 2254 1105 2328 ἔτη

184 2366 334 2445 mollit·
363 2367 414 2434 xxi
430 2369 566 2454 ὶδελφῆε
586 2373 772 2453 ilpoarursloe
791 2369 887 2440 namu
902 2369 974 2439 lm
990 2374 1110 2448 noant·

185 2492 231 2549 ior
251 2483 304 2546 riv
326 2483 457 2560 tanton
480 2484 651 2566 κληρονόμον
675 2489 847 2555 κατέλιπεν.
879 2485 995 2572 ἔγραψε
1012 2486 1042 2551 δὲ
1058 2508 1111 2551 ru·

186 2596 275 2678 xenia
286 2595 417 2673 λόγους.
469 2595 565 2666 Hunc
583 2598 814 2683 Phrontonem,
837 2600 993 2667 Graecum
1009 2599 1111 2662 rheto-

187 2726 273 2788 rem,
296 2709 519 2792 ‘Langbaenius
545 2713 666 2792 etalii,
687 2715 743 2796 qui
761 2712 896 2794 Longini
916 2715 1010 2777 vitam
1026 2727 1114 2773 enar·

188 2835 315 2902 rarunt,
344 2839 489 2893 errantem
508 2825 638 2903 ducem,
657 2825 710 2909 Jo.
726 2825 883 2890 Rualdum
905 2825 936 2888 in
951 2820 1110 2888 Plutarchi

189 2935 266 3002 Vita
285 2953 358 3017 cap.
375 2957 405 3018 5.
429 2938 546 3019 secuti,
568 2953 678 3004 temere
697 2936 908 3004 confuderunt
922 2954 994 3000 cum
1010 2948 1113 2998 orato·

192 3068 224 3115 te
248 3049 417 3131 Romano,
448 3053 497 3118 M.
524 3054 669 3121 Cornelio
692 3054 871 3132 Frontone,
893 3051 945 3118 M.
963 3048 1117 3118 Antonini

191 3162 370 3245 Philosophi
392 3163 424 3229 in
448 3165 569 3233 Latinis
593 3169 687 3235 literis
714 3167 879 3252 magistro,
909 3163 947 3231 de
964 3184 1027 3248 quo
1045 3162 1118 3230 vide

195 3279 366 3360 Capitolio.
392 3278 424 3345 in
449 3280 499 3346 M.
517 3282 638 3351 Aaron.
659 3307 688 3353 a.
732 3283 832 3369 Quem
847 3299 999 3366 errorem,
1021 3298 1119 3363 nuper

194 3393 286 3459 etlam
312 3395 476 3476 repetitum
500 3397 539 3463 ab
566 3398 705 3465 historiae
725 3397 955 3483 philosophicae
971 3396 1121 3480 compila-

195 3523 262 3574 tore
291 3506 336 3574 Τ.
356 3510 397 3576 Il.
430 3529 464 3591 p.
485 3531 557 3592 214.
588 3513 631 3577 ira
647 3512 824 3581 confutavit
843 3513 890 3581 vir
908 3511 1121 3594 doctiffimus,

199 3621 364 3690 Eduardus
383 3624 535 3692 Corfinus
551 3626 582 3702 io
600 3625 757 3694 Plutarchi
774 3628 848 3693 Vita
865 3631 897 3712 ς.
916 3645 948 3711 5.
972 3628 1071 3695 dicere
1086 3638 1122 3689 ut

202 3750 310 3806 contra
332 3738 417 3826 polle
442 3758 533 3808 nemo
550 3739 701 3809 videatur.
746 3742 908 3828 Phronto,
932 3744 1006 3810 dum
1027 3738 1125 3813 vixit,
1179 3746 1184 3751 '
