2580 5146
307 341 551 417 nunna
600 344 971 418 unacrnra.
1030 357 1133 439 ¹ns·

173 533 249 614 vis,
271 532 400 614 Alanis,
421 527 592 610 Vandalis,
624 528 821 614 ampliilimos
845 530 902 600 sibi
926 535 1102 618 triumphos

177 651 328 735 parabat,
351 649 382 716 δι
407 648 566 715 Monaai'o
590 646 626 718 Β
650 648 766 714 Plinta
793 643 868 730 Coffl
901 651 1005 718 A.-C.
1026 672 1102 735 4¹9·

1042 777 1109 826 tra·

175 962 260 1018 altera
278 971 356 1032 parte
373 973 494 1017 sarus
514 968 817 1024 atrrunurona,
833 953 1106 1016 additoChrillimo.

176 1073 362 1135 nogrammate
377 1061 406 1120 in
424 1077 531 1120 corona
546 1074 686 1133 quercea,
708 1053 822 1118 &infra
841 1075 919 1118 corr
932 1078 950 1118 o
961 1078 989 1119 n.
1029 1061 1105 1120 Vidit

173 1179 205 1228 et
215 1163 509 1233 HenricusNorifius,
525 1163 566 1220 uti
584 1161 642 1235 ipse
660 1174 748 1219 narrat
763 1161 941 1221 inAddenrlis
952 1162 1106 1237 adHryior.

173 1273 363 1345 Pelagianant
375 1281 410 1345 p.
421 1286 450 1327 a.
468 1282 583 1327 aureum
603 1280 716 1323 numum
725 1265 796 1325 inter
805 1265 964 1325 numismata
976 1267 1108 1326 Illustrill.

177 1374 298 1433 Comitis
328 1374 408 1433 ioan.
436 1370 472 1431 de
490 1372 613 1439 Lazara,
633 1369 683 1443 qui
698 1371 780 1427 altera
794 1383 872 1443 parte
887 1370 983 1429 iisdem
1001 1370 1106 1442 literis,
1154 1440 1157 1449 1

176 1493 239 1551 quo
261 1477 341 1551 prior
365 1491 486 1545 numus,
514 1477 595 1532 altera
614 1489 684 1531 vero
700 1474 795 1533 Cruce
813 1488 966 1544 coronata,
987 1474 1109 1550 signatus

174 1581 241 1641 fuit.
286 1582 331 1641 llo
353 1580 436 1639 nobis
460 1578 572 1653 quidem
597 1576 728 1638 credibile
745 1576 803 1648 est,
825 1579 978 1637 Honoriam
996 1580 1053 1640 hoc
1072 1581 1106 1638 ti-

174 1687 239 1743 tulo
260 1683 504 1757 Constantinopoli
529 1681 609 1741 suille
633 1694 777 1751 ornatam,
811 1698 872 1756 quo
897 1682 999 1741 Attilae
1024 1683 1105 1743 furor

177 1788 358 1860 mitigaretur.
397 1785 499 1846 Refert
516 1786 587 1845 enim
596 1784 747 1845 lornandes
762 1785 796 1843 ae
803 1786 963 1861 Regnorum
972 1786 1104 1861 [accepia-

177 1908 216 1948 ne
223 1902 257 1964 p.
274 1906 339 1964 239.
358 1889 443 1963 ipsam
462 1889 582 1965 flagraffe
599 1888 750 1963 cupiditate
766 1889 910 1959 nubendi,
929 1893 1054 1963 clamque
1068 1891 1102 1948 ad

179 1993 313 2063 Attilam,
332 1993 499 2052 Hunnorum
514 1993 624 2067 Regem
641 1992 755 2063 misisse,
774 1993 822 2067 qui
841 1994 901 2068 ejus
917 1992 965 2052 irbi
981 2010 1103 2053 amorem

180 2093 214 2158 &
236 2084 346 2171 nuptias
368 2096 437 2157 adeo
455 2098 644 2159 conciliarent.
686 2095 798 2155 Interim
818 2113 909 2168 vero,
929 2114 994 2157 cum
1012 2098 1102 2161 mollis

180 2201 283 2261 femina
300 2214 383 2276 atque
399 2215 484 2262 aetate
502 2202 579 2260 fluxa
594 2215 688 2260 amore
704 2199 787 2260 sexus
803 2200 952 2275 superioris
968 2203 1104 2263 debacha-

179 2320 277 2377 retur,
303 2306 395 2366 allexit
422 2305 599 2380 Eugenium,
629 2307 843 2366 Procuratorem
867 2306 965 2378 suum,
993 2321 1025 2367 ιιι
1042 2325 1103 2366 rnu-

178 2411 264 2469 liebre
284 2409 389 2479 decus,
414 2410 563 2482 aegerrime
582 2411 728 2484 hucusque
743 2428 758 2468 a
776 2411 803 2470 se
822 2412 1033 2483 conservatum,
1054 2430 1104 2473 err·

179 2527 325 2589 pugnaret.
373 2515 477 2588 Neque
493 2513 565 2572 enim
582 2511 711 2584 confilia,
732 2514 832 2576 Attilae
851 2515 899 2574 sibi
916 2516 1101 2586 conciliandi,

180 2620 241 2676 satis
263 2630 391 2692 poterant
414 2617 507 2677 celari.
554 2620 686 2692 Cumque
710 2620 818 2679 exirent
843 2638 874 2680 ea
899 2621 928 2678 in
947 2623 1046 2695 vulgus
1057 2640 1103 2698 ,a

165 2724 265 2782 -fratre
290 2721 504 2789 Valentiniano,
533 2737 568 2780 ne
585 2721 613 2778 in
633 2722 732 2782 Attilae
751 2739 846 2782 manus
864 2723 990 2794 veniret,
1010 2725 1047 2782 Α.
1064 2729 1101 2784 C.

179 2843 249 2905 434.
276 2824 547 2897 Constantinopolim
563 2824 637 2883 milla
651 2827 700 2886 est.
726 2827 907 2886 Marcellinus
922 2831 952 2884 in
967 2826 1103 2885 Chronico

180 2931 339 2990 Ariobinda
362 2929 398 2996 ὃ,
421 2929 535 3003 Aspare
558 2927 623 3006 Cnffi
644 2930 684 2989 A.
708 2933 740 2989 C.
763 2946 832 3004 434.
864 2918 1013 2997 Honorio,
1033 2930 1105 3004 Imp.

180 3037 379 3095 Valentiniani
390 3034 490 3107 sarar,
510 3033 547 3091 ab
559 3032 703 3107 Eugenin,
719 3045 909 3109 procuratore
916 3031 1105 3107 fuo,stupra.

179 3151 216 3198 ta
235 3123 378 3216 'concepit,
406 3140 571 3213 palatioque
603 3140 738 3213 expulsa,
764 3137 901 3215 Theodafio
923 3144 1051 3213 Princrpl
1069 3141 1104 3201 do

180 3244 272 3303 ltalia
295 3243 456 3321 transrnrffa
471 3241 517 3317 est.
556 3244 679 3302 Attilam
692 3227 765 3303 enin
780 3255 881 3302 cantra
897 3244 1103 3303 occidentalem

180 3350 318 3422 rempubl.
341 3350 512 3407 concitabat.
554 3348 630 3407 Idem
649 3350 729 3423 plane
747 3347 856 3406 testatur
874 3347 1022 3408 lornandes
1037 3353 1056 3409 l.
1076 3367 1104 3410 u.

181 3451 315 3524 Legimus
347 3450 421 3525 apud
448 3452 573 3511 Priscum
600 3452 721 3510 Panitem
743 3457 774 3510 in
797 3458 937 3527 excerptis
956 3455 1105 3531 Legation.

174 3568 211 3631 p.
226 3570 273 3629 27.
292 3556 364 3615 Torn.
377 3556 403 3614 I.
422 3557 528 3630 Scapt.
545 3554 615 3613 Rer.
631 3555 756 3629 Byzant.
796 3557 928 3629 Attilam,
947 3559 1045 3618 audiris
1062 3561 1105 3629 iis,

183 3673 257 3730 quae
265 3658 406 3718 Honorias
421 3658 596 3727 acciderant,
618 3660 740 3732 Legatos
755 3660 784 3716 in
796 3660 979 3719 Occidentem
997 3663 1104 3731 missile,

181 3761 232 3857 qui
259 3763 436 3838 Houoritm,
455 3763 521 3824 dum
538 3762 742 3821 matrimonium
759 3779 823 3832 cum
843 3764 927 3835 Attila
944 3767 1109 3830 contrahero

636 3865 709 3946 iris
1054 3880 1108 3932 vu
