2580 5146
361 350 942 442 bremuncurte.
1051 391 1114 459 103

172 550 246 630 cire
269 545 399 635 poma,
429 560 542 614 eernere
561 547 820 634 praetermittam
844 552 900 635 dt,
920 551 1044 636 quando
1059 555 1106 622 ia·

172 664 274 751 genio
291 674 385 748 atque
399 659 572 731 eruditione
587 660 763 731 Vobiscum
782 679 896 735 certare
913 668 1106 736 temerarium

171 774 246 861 eli,
278 776 419 861 &supra
440 776 523 844 vireu
547 794 654 859 meas,
677 774 761 859 fide,
784 777 939 860 animique
953 779 1060 865 integri
1075 801 1108 849 a·

174 907 233 976 te,
272 908 351 976 quae
379 890 469 958 nullo
504 888 661 959 oblinatur
690 888 798 976 fuco,
836 892 1013 962 Vobiscum
1044 914 1112 961 cer«

172 1005 268 1077 taho.

221 1117 392 1202 Teucro,
419 1116 483 1184 lsra-
500 1116 616 1185 summe
644 1114 676 1184 dr
704 1119 791 1185 omni
814 1118 904 1188 laude
930 1124 1107 1208 cumulate,
1148 1170 1151 1174 -

176 1232 291 1302 'srireti
311 1228 542 1316 flemmarum,
569 1246 608 1312 ut
627 1232 808 1307 nominatim
824 1237 994 1320 appellem,
1017 1234 1109 1304 Tuo·

177 1366 254 1416 rum
280 1348 316 1427 in
334 1362 384 1413 nae
408 1344 588 1417 meritorum
610 1346 744 1432 pullulat
760 1347 954 1434 magnitudo.
996 1348 1109 1427 Nolim

177 1461 355 1529 uirtutibus
377 1456 483 1542 Tm,
501 1476 593 1544 'quaa
628 1460 753 1547 mirari,
784 1479 878 1547 quarn
893 1463 1015 1532 laudare
1031 1462 1121 1535 sacb'

177 1577 245 1661 h‘ua
276 1572 347 1660 esi,
376 1571 567 1655 ambitiofiua
595 1576 902 1660 commemorandis,
930 1578 1043 1663 pudori
1069 1600 1108 1648 aa

179 1688 387 1761 verecundiae
406 1688 474 1789 illi,
505 1702 568 1773 qua
592 1707 656 1756 noa
680 1689 805 1774 minua,
835 1710 930 1776 quam
947 1688 1120 1760 immensae

181 1801 372 1875 eruditionis
405 1803 502 1889 gloria
522 1802 674 1889 praestas,
707 1807 883 1892 importune
903 1805 967 1874 aa'm
989 1807 1109 1877 afferre.

178 1919 289 1992 Dabis
305 1933 423 1986 tantuna
436 1917 517 1986 banc
532 1919 612 1987 mihi
624 1918 765 2001 veniam,
790 1934 824 1985 ιιι
842 1917 920 2003 grati
934 1918 1027 1985 animi
1045 1921 1110 1986 sen·

180 2034 242 2106 sm
268 2033 442 2118 explicam,
472 2048 587 2117 quanta
613 2032 737 2117 possum
758 2049 838 2098 uoce
864 2028 1028 2113 testificer,
1060 2051 1113 2098 mo

181 2151 288 2237 plut,
309 2164 401 2232 quam
417 2135 515 2232 Tibi,
536 2149 716 2230 mortalium
730 2144 838 2215 debere
855 2142 982 2213 nemini.
1026 2144 1112 2214 Nam
1152 2175 1155 2179 v

184 2263 248 2349 qui
273 2262 362 2350 sum,
394 2276 662 2349 quantuscunque.
677 2260 767 2344 sum,
796 2278 834 2328 ex
855 2258 1014 2344 disciplina
1038 2260 1112 2329 Tua

184 2375 348 2467 profestua
376 2375 460 2451 sumt
509 2375 605 2463 llanu
626 2375 722 2459 ipsam
748 2391 878 2457 uocem,
902 2373 957 2442 nisr
977 2375 1030 2444 'su
1045 2397 1117 2444 eam

184 2490 361 2580 praeceptio
375 2488 456 2557 Tuis
478 2487 713 2567 conformius,
737 2488 808 2574 quis
822 2508 960 2575 unquam
974 2491 1114 2578 dignam,

187 2626 270 2692 quae
291 2625 329 2674 ex
352 2605 415 2672 hoc
438 2602 595 2672 audiretur
618 2607 713 2687 loco,
733 2601 947 2673 exislimasleti
969 2606 1037 2674 Etsi
1056 2607 1119 2694 igi.

189 2738 243 2789 aur
257 2719 382 2802 omnia,
404 2738 483 2804 quae
498 2717 616 2785 bomini
631 2718 669 2786 ab
683 2718 807 2786 homine
817 2718 958 2803 praestari
972 2718 1116 2803 possunt,

191 2836 291 2918 anibi,
321 2848 358 2900 ut
386 2834 442 2917 qui
463 2832 616 2915 manime,
647 2832 838 2918 praestitisti:
867 2832 1033 2896 esttamen
1060 2832 1117 2896 ali·

194 2949 271 3035 quid
291 2947 424 3033 amplius
448 2946 535 3032 quod
559 2947 632 3014 mibi
650 2968 667 3014 a
683 2947 731 3015 Te
748 2946 844 3014 tribui
863 2943 967 3011 velim.
1011 2943 1115 3010 Nimi-

193 3085 264 3139 rum
289 3062 332 3132 fic
357 3082 406 3131 me
428 3061 566 3146 quotidie
581 3060 716 3128 consiliis
730 3059 920 3143 monitisque
936 3056 1018 3123 Tuis
1033 3056 1120 3127 inuri·

194 3193 285 3261 tues,
314 3192 352 3245 ut
373 3195 440 3254 nom
458 3194 538 3260 ego,
568 3194 674 3242 uerum
699 3193 754 3260 per
774 3192 823 3239 me
844 3172 898 3239 Τιι
920 3171 1039 3239 erudire
1054 3169 1120 3239 stu·

194 3294 310 3363 duosam
331 3294 525 3381 juventutem
550 3289 684 3356 videare.
731 3285 808 3375 Quo
831 3287 877 3353 uti
900 3287 977 3363 nibil
996 3287 1035 3354 ad
1055 3309 1120 3373 pu·

194 3409 309 3477 blicam
346 3406 509 3474 utilitatem
540 3402 726 3488 potestesse
756 3401 1042 3486 accommodamus,
1072 3403 1115 3473 stc

195 3522 321 3599 laudem
341 3540 440 3601 meam
463 3517 625 3586 illustrabit
646 3517 776 3602 potius,
808 3535 901 3602 quam
925 3518 1115 3589 obscurabit.

244 3633 382 3702 Tandem
404 3634 474 3701 Voa
495 3633 584 3701 etiam
607 3631 806 3715 adloquor&
821 3633 939 3718 saluto,
960 3636 1120 3703 Nobilissr·

193 3751 240 3827 mi
264 3749 524 3832 Cunnuitonea,
550 3747 619 3835 spes
639 3743 776 3834 patriae,
804 3747 863 3817 flos
888 3749 1064 3836 juventutis
1082 3764 1124 3811 ιιι

357 3876 363 3887 ’
714 3856 789 3944 04
1063 3856 1124 3928 hur
