2580 5146
270 357 390 430 ns
456 312 960 429 nun'rorrou‘rs.
1033 380 1096 448 ει,

604 564 681 631 lV.

216 768 321 836 Plures
336 765 543 850 Antiphontes
558 767 673 831 clarum
688 763 721 830 in
736 765 829 831 literis
849 784 961 834 nomen
976 767 1095 835 habue-

173 900 268 965 runt3
300 901 338 948 ex
365 880 480 964 quibus
502 878 566 945 duo
582 879 722 961 inprimis
738 879 872 962 ipsorum
888 895 1025 947 veterum
1043 900 1096 946 ne·

172 996 337 1080 gligentia,
376 993 501 1074 dicam,
539 1009 578 1057 an
607 991 748 1074 inscitia,
786 1013 859 1059 cum
894 993 1088 1076 Antiphonte

172 1107 365 1176 Rhamnufio
395 1108 483 1190 saepe
509 1105 668 1172 confudit.
717 1106 788 1172 Nos
814 1106 944 1173 breviter
970 1106 1008 1172 de
1030 1108 1091 1175 illis

173 1224 388 1308 disputemus,
418 1219 555 1300 omilhc,
585 1239 664 1302 quae
685 1218 829 1306 Jonsrus,
861 1219 1044 1306 Fabricius,
1065 1237 1097 1292 et

174 1339 228 1405 Cl.
245 1337 402 1420 Taylorus
418 1335 506 1401 hau.
519 1334 645 1417 Lyſsac.
670 1334 790 1402 C.Vll.
813 1352 1029 1420 occuparunt,
1050 1351 1095 1422 et,
1122 1403 1127 1414 ,

174 1452 229 1535 qui
244 1448 415 1518 secernendi
431 1446 509 1529 fint,
533 1463 674 1514 accurate
691 1449 894 1518 secernamus.

214 1567 243 1632 1.
265 1564 428 1647 Antiphon
454 1562 689 1647 τερατοσκόπος,
720 1561 781 1629 five
796 1565 979 1652 haruspex,
1003 1585 1097 1650 quem

172 1678 212 1745 ab
245 1677 374 1745 Oratore
405 1677 482 1744 bene
504 1674 662 1761 distinguit
685 1677 894 1761 Hermogenes
918 1680 957 1746 dc
981 1685 1093 1748 Form.

176 1793 275 1862 Orat.
297 1793 340 1860 ll.
366 1808 403 1878 p.
415 1811 492 1875 497.
543 1788 715 1858 Rectiffime
735 1791 825 1857 etiam
841 1793 975 1860 suidas:
995 1799 1096 1864 ’Areo'

174 1909 260 1994 φῶν,
282 1905 455 1986 ’Λίννιιῒοε,
477 1907 710 1990 τερατοσκόπος,
732 1907 783 1973 κοί
799 1907 953 1987 ἐποποιὸς,
975 1908 1026 1975 κιο)
1044 1933 1096 1977 οο-

173 2023 281 2107 orsis·
303 2024 438 2090 ἓκιολεΐτο
453 2023 484 2090 δὲ
501 2020 727 2104 myoparone.
758 2019 842 2085 Idem
857 2036 895 2084 ex
912 2018 972 2083 alio
983 2020 1094 2086 ‘audio-
1179 2107 1183 2119 ‚

174 2154 228 2202 rer
258 2138 426 2221 Ἀντιφῶν,
459 2134 636 2215 Ἀθηναῖοι,
666 2134 863 2219 ὀνειροκρίτης.
894 2131 958 2216 τερ)
973 2135 1092 2218 κρίτεοις

173 2250 285 2333 ὀνείρων
304 2250 433 2334 ἔρρεψε.
489 2248 626 2314 Taetzes
652 2248 776 2314 Scholio
797 2249 876 2315 MS.
902 2247 989 2330 quod
1003 2249 1095 2333 supra

173 2365 342 2444 dedimus,
380 2382 451 2428 eum
481 2362 586 2429 scribit
614 2361 780 2428 Alexandri
813 2376 950 2447 tempore
974 2361 1092 2431 vixisse.

175 2480 236 2546 Sed
259 2482 391 2544 multum
411 2476 539 2542 fallitur.
584 2475 671 2541 Vixit
685 2477 765 2542 enim
781 2492 919 2561 tempore
933 2478 1093 2564 Socratis,

175 2608 205 2660 et
225 2592 349 2659 invidus
372 2590 468 2657 divini
493 2590 550 2657 viri
576 2591 783 2672 obtreiiator,
816 2593 981 2676 discipulos
997 2595 1036 2661 ab
1054 2614 1092 2661 eo

174 2724 307 2776 avertere
329 2706 470 2773 tentavit.
523 2704 677 2788 Diogenen
701 2706 808 2772 Laert·
825 2708 865 2776 ll.
881 2710 935 2788 46.
959 2728 997 2776 ex
1013 2709 1096 2775 Ari·

169 2822 300 2910 florele:
329 2820 480 2904 Σωκράτει
509 2846 577 2899 τις,
607 2822 673 2887 κοί
698 2819 720 2888 ἃ
741 2820 833 2905 φιροὶν
853 2823 1041 2904 Ἀριςοτίλιρς
1063 2826 1096 2890 ἐν

175 2941 262 3021 τρίτῳ
277 2937 342 3019 τερί
358 2943 539 3014 Ποντικῆς,
561 2936 732 3018 ἐφιλονείκει
748 2935 922 3017 Ἀντίλοχος
935 2935 1094 3016 Λιὶρονιος,

174 3054 225 3129 καί
258 3050 409 3135 Ἀντιφῶν
437 3051 451 3116 l
477 3050 701 3132 τεριοτοτκίτος.
730 3047 785 3113 ubi
807 3047 872 3113 vid.
900 3047 1098 3133 Menagium·

175 3165 313 3232 Socratis
336 3181 408 3227 cum
429 3161 490 3226 hoc
515 3162 706 3245 Antiphonte
731 3154 957 3228 contentionem
972 3161 1097 3245 copiose

173 3293 205 3342 et
222 3279 373 3362 eleganter
390 3276 522 3360 explicat
539 3277 712 3361 Xenophon
730 3277 912 3345 Memorab.
930 3276 957 3346 I.
976 3280 1008 3342 6.
1033 3275 1096 3342 Sed
1196 3252 1199 3261 ’

173 3391 360 3461 Plutarchus
389 3404 419 3455 et
442 3389 603 3473 Photius,
633 3391 782 3475 quadrata
806 3391 948 3458 rotundis
972 3392 1097 3459 miscere

175 3503 280 3584 soliti,
300 3503 375 3569 haec
391 3521 455 3570 non
472 3503 510 3569 de
524 3504 716 3588 Antiphonte
732 3505 967 3589 Onirocrr'tiro,
989 3506 1040 3574 sed
1058 3508 1098 3576 de

179 3616 372 3703 Rhamnaſso
396 3617 565 3699 accipiunt.
617 3618 773 3685 Plutarchi
797 3621 889 3687 verba
916 3625 989 3689 haec
1004 3623 1093 3691 suntt

177 3732 331 3821 διατριβὴν
354 3735 385 3804 δὲ
399 3732 558 3812 curiense.
579 3733 630 3802 κοοί
644 3734 795 3815 Σωκροίτει
811 3734 853 3824 τῷ
867 3739 1023 3825 φιλοοίφιρ
1040 3741 1098 3809 διε·

687 3845 761 3934 Qs
1041 3845 1101 3930 es·
1151 3856 1154 3860 ·
