2580 5146
298 334 514 416 ulnullll
557 333 996 422 Hunlssnnllu‘sn.
1074 363 1120 442 33

180 533 322 621 perbiam
343 531 486 600 maximia
508 532 625 602 mentia
648 532 814 617 quaelitam
835 535 951 605 sumsit.
995 536 1110 626 Quid?

181 662 309 716 tarnum
339 647 459 731 abfuit,
498 662 533 712 ut
559 647 689 714 aliorum
716 668 833 716 erronea
855 652 1041 734 exagitaret,
1073 666 1111 720 ut

181 762 298 831 liultoe
320 764 412 830 etiam
429 761 594 846 patientius
610 761 722 844 senet,
745 783 840 847 quam
861 763 977 830 necesse
993 764 1113 831 ridere·

178 893 247 946 tur.
297 877 374 945 Erat
400 877 605 959 Theologua,
635 876 690 961 qui
717 876 803 961 saepe
826 877 859 945 in
873 877 1019 955 circulis,
1042 879 1110 963 ipso

179 994 357 1078 praesente,
395 989 568 1073 Pindaroa,
605 990 778 1074 Sophocles
811 990 1108 1078 &Demosthenee,

178 1126 262 1190 quoa
282 1125 446 1190 nunquam
461 1108 596 1189 legerat,
619 1106 816 1188 loqueretur,
837 1123 956 1191 eoaque
974 1108 1109 1176 velutin

177 1221 266 1288 lance
282 1220 402 1305 posttoa
417 1219 514 1287 modo
528 1220 647 1285 tolleret
660 1219 782 1304 judicio
796 1219 872 1305 suo,
896 1220 992 1287 modo
1008 1221 1109 1308 depri·
1136 1306 1143 1321 ρ

176 1344 297 1418 meret,
318 1334 532 1418 omninoque,
556 1350 591 1399 ut
608 1333 641 1399 in
656 1333 841 1401 Latinorum
855 1335 1022 1420 proverbio
1040 1336 1106 1422 eli,

176 1449 333 1534 speeimte
363 1448 500 1531 Roscio,
539 1445 658 1531 gestum
690 1448 721 1514 in
745 1448 833 1515 scena
855 1465 969 1535 ageret.
1021 1453 1108 1522 Cum

171 1558 311 1650 Joanoea
332 1561 503 1644 Albanae,
535 1560 567 1628 u
591 1564 704 1645 ceteri,
736 1562 791 1648 qui
812 1562 959 1650 aderant,
980 1567 1106 1636 inentia

175 1677 211 1744 iu
244 1674 506 1745 Hemlierlrusrum
530 1675 632 1742 oculis
655 1676 883 1764 exspectarent,
913 1695 950 1748 ut
972 1681 1107 1750 hominia

174 1790 345 1861 vanitatem
370 1789 639 1877 &impudentiam
653 1792 893 1878 comprimeret,
916 1794 967 1860 ille
987 1809 1025 1862 ne
1040 1814 1110 1863 ver·

176 1906 260 1974 bum
274 1904 413 1989 quidem.
454 1907 524 1976 Cut
539 1904 641 1990 emm,
664 1906 810 1990 dicebat,
831 1907 916 1973 hunc
935 1909 1039 1975 minua
1054 1926 1111 1993 pa·

175 2020 241 2089 tiat
263 2018 468 2104 ingeniosae
489 2019 574 2106 frui,
604 2037 701 2106 quam
729 2019 837 2100 alios,
869 2036 976 2086 coram
1004 2039 1055 2087 me
1076 2019 1110 2089 st

177 2132 403 2219 Schultenfio,
429 2133 462 2201 in
487 2137 552 2219 pari
576 2135 718 2214 inscitia,
749 2131 786 2198 de
812 2130 943 2215 pulpitis
959 2133 1109 2216 jaetantea

174 2249 371 2319 Graecarum
389 2247 421 2316 ἀ
437 2247 639 2317 Orientalium
655 2246 810 2315 scientiam
828 2245 1013 2315 literarum?

222 2362 285 2432 Sed
308 2383 372 2432 non
395 2364 462 2446 est,
494 2366 582 2447 quod
605 2380 788 2448 magnopere
802 2361 948 2427 miremur
962 2372 1017 2429 aut
1033 2361 1109 2429 ah‘o·

174 2497 247 2546 rum
269 2478 490 2546 intolerabilem
514 2478 626 2546 salium
658 2477 689 2544 u
715 2475 907 2559 superbiam,
938 2492 993 2543 aut
1010 2477 1106 2564 hujus

175 2592 338 2660 amabilem
354 2592 589 2662 humanitatem.
633 2593 681 2659 lili
696 2591 776 2656 enim
794 2609 832 2658 ea
847 2591 896 2657 his
913 2589 1020 2659 studiis
1035 2595 1106 2661 nul·

173 2709 267 2790 itam,
294 2704 351 2773 nili
375 2705 580 2791 eruditionis,
611 2707 746 2775 frustum
771 2722 900 2790 petunt:
933 2709 1025 2792 cujus
1054 2706 1103 2775 vla

176 2842 257 2907 quae
273 2819 376 2907 potest
390 2820 450 2889 esse
465 2823 497 2888 in
513 2822 648 2889 animum
667 2819 698 2886 ὰ
716 2822 842 2889 morea?
866 2820 1104 2888 Hienonunam

175 2935 403 3017 eruditionem,
433 2936 485 3003 sed
510 2937 649 3022 inprimis
673 2933 807 3005 uitae&
834 2951 957 3002 morum
983 2935 1105 3016 elegan-

172 3048 274 3134 tiam,
295 3050 487 3134 omninoque
496 3069 597 3119 veram
613 3049 791 3135 sapientiam
807 3046 878 3114 inde
893 3045 949 3113 sibi
964 3047 1106 3114 haurien-

173 3162 249 3232 dam
273 3162 421 3235 ducebat.
475 3165 525 3232 Ac
548 3184 670 3232 morum
686 3163 810 3249 quidem
824 3158 965 3229 venusiae
981 3178 1043 3227 non
1057 3161 1105 3229 so-

173 3280 243 3346 lnm
265 3294 321 3363 per
342 3279 412 3363 ejus
436 3279 533 3346 libros
554 3279 621 3346 susa
646 3277 711 3363 esi,
734 3276 785 3344 sed
802 3275 894 3343 etiam
912 3275 944 3341 in
960 3274 1106 3343 sermoni·

175 3393 268 3475 laus,
296 3393 507 3477 omnibusque
533 3395 614 3461 vitae
639 3393 813 3461 actionibus
835 3392 877 3457 ita
896 3389 1039 3471 lucebat,
1070 3405 1106 3458 ut

176 3524 245 3573 uon
265 3520 329 3572 tam
352 3507 407 3573 ibi
435 3507 466 3573 lie
490 3509 591 3576 Musis
607 3508 736 3590 vixisse,
760 3519 853 3592 quam
870 3505 948 3571 inter
967 3504 1107 3573 fortuna·

174 3635 233 3688 toa
248 3619 418 3713 beatamne
434 3621 574 3689 homines
590 3640 718 3690 aetatem
734 3619 825 3707 eglise
843 3619 1006 3688 videretur.
1038 3622 1108 3689 Ser·

174 3756 232 3804 mo
248 3734 406 3805 familiaria
423 3738 477 3806 etsi
495 3754 556 3806 tam
576 3753 742 3806 accuratae
757 3733 789 3800 δι
802 3735 943 3805 eruditur
960 3750 1046 3817 erat,
1069 3746 1105 3799 ut

700 3847 773 3916 Ca
1047 3861 1112 3910 ma·
1243 3921 1246 3929 Ι
