2580 5146
391 339 474 411 nr
541 333 887 410 nonoruo.
1035 348 1099 423 an

172 530 248 619 glni
259 571 283 612 ,·
301 523 432 614 priscae
458 521 640 610 sapientiae
664 519 812 609 studiosi,
843 517 883 586 dt
907 519 1094 608 Principiis·

173 644 279 730 Quam
308 637 471 721 Porphyrii
496 652 627 702 mentem
641 637 719 703 vidit
734 635 823 701 etiam
839 633 997 700 Fabricius
1011 634 1094 704 Bibi·

173 756 235 827 Gr.
265 753 310 821 T·
336 752 396 820 Ν.
426 771 461 835 p.
489 752 562 816 ιιό.
592 765 623 816 et
646 753 723 836 4³⁶·
767 748 904 815 Omnino
920 766 1096 832 germanum

175 869 371 938 Platonicum
397 863 484 932 luisse
504 863 706 948 Longinum,
730 882 792 930 non
809 861 904 928 modo
920 866 1035 928 clarum
1053 862 1097 929 est

177 1004 216 1051 ex
237 983 345 1062 libris,
369 994 423 1044 aut
440 977 619 1062 fragmentis
638 980 743 1062 potiua
761 978 930 1059 librorum,
954 997 1032 1060 quae
1047 977 1098 1045 su·

131 1180 134 1184 ⁴
178 1097 325 1183 perfunt,
354 1093 405 1160 sed
426 1094 524 1161 multo
551 1094 648 1177 magia
669 1110 707 1157 ex
725 1091 959 1157 Commentariis
975 1092 1014 1158 ad
1029 1092 1099 1160 Pia·

179 1224 286 1278 tonem
312 1206 569 1291 interpretandum
592 1205 792 1289 comparatis.
835 1205 914 1291 Ejua
932 1207 1100 1275 Commen-

179 1324 295 1392 tarium
316 1323 349 1389 iu
364 1320 562 1389 'Phaedonem
577 1336 725 1392 memorat
742 1316 987 1403 olympiodorus
1002 1322 1101 1391 Com·

182 1438 332 1507 mentatio
354 1434 470 1502 inedito
486 1435 518 1500 in
542 1434 674 1502 eundem
697 1434 852 1519 dialogum
884 1454 918 1518 p.
943 1455 1023 1521 ⁸379.
1053 1438 1099 1507 D.

180 1562 251 1629 urie
268 1553 317 1621 διὸ
331 1552 374 1619 rai
387 1551 537 1632 χρήματα
548 1550 661 1625 πάντες
675 1552 700 1615 oi
715 1548 1006 1631 adimpleamur
1029 1568 1103 1624 πολ·

182 1668 231 1736 noi
254 1672 315 1748 γὰρ
330 1665 380 1732 zai
405 1664 443 1731 δι’
464 1663 564 1739 ἄλλοις
579 1665 681 1736 airino
698 1664 837 1740 ἐγένοντο.
859 1666 957 1746 ῥητέον
975 1663 1041 1743 οὖν,
1062 1671 1102 1747 ὀρ

184 1783 244 1864 μὲν
264 1779 502 1862 Ἀρποιιρονιίιιν,
532 1779 551 1857 ri
577 1776 623 1844 ὅτι
639 1777 688 1843 lari
705 1779 739 1843 ri
755 1785 899 1858 πλεῒςον,
922 1780 941 1855 P
960 1779 1006 1848 ira
1020 1782 1104 1862 auiti

183 1892 246 1964 τᾶν
264 1894 405 1978 λαφύρων
430 1889 518 1965 ilaris
533 1893 667 1959 ἐπιτείνει
682 1894 731 1959 τὸν
747 1890 889 1972 πόλεμον.
899 1895 952 1968 'cic
970 1895 1002 1962 ll
1016 1905 1103 1975 Ary-

184 2018 290 2092 piata,
317 2008 359 2075 rai
378 2007 461 2080 emta
476 2005 744 2088 πάνταχρήματα
759 2015 859 2074 καλοῖ.
882 2007 909 2074 ai
924 2009 956 2076 ll
971 2011 1103 2078 'Arrunti

186 2123 355 2205 ὶξιωτιὶ,
386 2121 487 2196 ἐπειδὴ
512 2118 641 2202 ὀργάνοις
657 2126 788 2203 χρῶντιοι
803 2129 866 2196 τοῖς
877 2123 1014 2205 χρήμασι
1027 2125 1105 2194 πάρ.

188 2263 241 2313 τες
254 2239 280 2305 oi
297 2240 508 2317 πολεμοῦντες.
552 2231 700 2314 Eiusdem
717 2219 980 2312 commentarium
999 2238 1030 2305 in
1048 2237 1106 2305 Ti·

189 2368 338 2431 maeum,
367 2350 415 2413 vel
440 2346 546 2431 potina
570 2347 603 2411 in
630 2347 821 2429 prooemium
846 2347 988 2436 Timaei,
1019 2353 1107 2441 saepe

189 2463 432 2534 laudatProclus
450 2460 482 2525 in
497 2456 627 2525 eundem
644 2460 824 2547 dialogum,
845 2480 991 2551 tauquam
1007 2486 1041 2554 p.
1054 2489 1106 2540 ro.

194 2597 251 2677 aa.
274 2579 325 2645 16.
348 2598 403 2642 ιο.
425 2593 480 2641 21.
504 2593 558 2656 29.
581 2591 635 2655 50.
658 2576 712 2658 ⁶3·
732 2581 788 2661 98.
838 2578 914 2648 Non
937 2581 1027 2651 facile
1051 2606 1111 2670 pu·

193 2709 282 2774 tem,
312 2691 410 2756 udum
430 2689 620 2770 interpretem
646 2689 741 2754 tantis
764 2691 875 2773 ingenii
899 2710 929 2760 et
954 2697 1109 2767 doetrinae

194 2803 407 2893 praefidiiaad
420 2800 594 2886 scriptorem
610 2801 742 2884 aliquem
757 2805 993 2891 explicandum,
1015 2831 1114 2894 quan·

197 2921 240 2989 tir
261 2917 424 3001 Longinus
439 2916 478 2981 ad
493 2916 672 2997 Platonem,
696 2914 855 2982 acceffiffe.
900 2921 1002 3006 Cujus
1017 2924 1113 2994 libror

196 3036 317 3104 utinam
341 3031 545 3097 fanaticorum
571 3030 792 3113 interpretum,
822 3031 948 3116 Procli,
972 3018 1119 3108 Hermiae·

168 3193 173 3204 ·
199 3164 245 3216 et
257 3144 475 3232 Olympiodorl
490 3145 610 3230 jactura
625 3145 769 3211 redimere
782 3146 904 3215 liceret!
926 3150 1044 3220 Paucas
1062 3157 1117 3222 ad·

199 3262 332 3337 modum
352 3260 489 3343 Longini
516 3260 732 3344 explicationes
754 3260 902 3346 Procius,
935 3269 1050 3354 quippe
1066 3291 1119 3338 ve·

198 3396 266 3446 ram
284 3373 499 3458 interpretandi
515 3374 687 3456 rationem,
713 3396 776 3459 qua
792 3379 842 3444 ille
861 3379 1023 3467 utebatur,
1044 3406 1121 3472 praa
1218 3416 1221 3421 ·

147 3565 152 3583 ¹
202 3487 336 3575 mystica
358 3489 412 3556 sua
431 3504 650 3572 contemnens,
680 3490 847 3558 afferendas
869 3497 1004 3578 putavit.
1056 3502 1125 3571 Ta·

206 3623 278 3673 meo
300 3623 344 3684 ea
359 3602 470 3687 paucis
497 3603 557 3669 illia
579 3618 725 3686 apparet,
755 3624 826 3672 eum
856 3627 919 3676 non
934 3609 1032 3681 solum
1049 3636 1122 3701 rea,
1260 3635 1262 3640 ·

206 3717 282 3800 sed,
303 3717 449 3802 quoniam
463 3715 550 3784 Plato
565 3736 583 3783 a
596 3717 744 3787 scribendi
760 3739 888 3807 quoque
903 3726 1049 3811 elegantia
1061 3731 1133 3813 spe·

1050 3840 1123 3909 orn
