2580 5146
304 352 386 423 DE
449 339 948 417 ANTIPHONTE.
1027 357 1089 429 253

172 535 232 606 diis
256 533 505 622 reprehendendis
526 531 690 616 perniciem
717 528 774 596 fibi
795 527 954 594 arcellivit.
1000 529 1089 596 Cele-

172 656 279 720 bratur
302 653 470 717 aculeatum
495 649 562 731 eJus
579 647 716 725 didium,
739 663 803 725 quo
822 641 1004 724 Dionysium
1022 662 1089 725 gra·

171 767 251 833 viter
274 761 415 829 offendit.
466 761 547 827 Nam
568 758 721 843 quaerenti
739 757 908 840 Dionysm,
932 755 1090 838 quodnam

173 899 224 944 aes
245 879 397 962 optimum
425 874 519 956 esset,
551 872 728 956 respondit,
758 891 794 936 ex
812 889 876 952 quo
894 869 1091 936 Athenienses

173 992 336 1059 Harmodii
360 1004 391 1056 et
412 987 629 1072 Aristogitonis
654 985 766 1051 statuas
782 983 972 1052 conflassent.
1013 985 1089 1051 Vid.

171 1107 332 1176 Plutarch.
358 1103 398 1172 dc
420 1100 526 1169 Adel.
550 1114 581 1166 ct
603 1101 680 1167 Am.
708 1099 806 1181 discr.
835 1115 871 1184 p.
896 1101 949 1163 68.
980 1099 1026 1166 A.
1054 1084 1097 1167 de

172 1222 310 1288 Stor'cor.
337 1234 472 1303 repugn.
504 1232 538 1303 p.
565 1231 657 1297 1051.
688 1214 730 1280 C.
782 1212 867 1278 Haec
894 1213 1093 1282 Philostratus

171 1351 209 1421 p.
228 1353 302 1416 500.
347 1329 654 1397 Pseudo-Plutarch.
674 1341 704 1392 et
720 1326 849 1393 Photius
865 1329 942 1392 male
959 1327 1094 1396 referunt

177 1447 217 1512 ad
241 1444 467 1530 Antiphontem
489 1441 738 1525 Rhamnusium,
768 1460 850 1524 quos
865 1440 936 1508 satis
951 1443 1094 1511 confutat

178 1560 294 1627 diversa
318 1560 479 1640 utriusque
502 1572 597 1625 aetas.
650 1554 704 1621 Ad
722 1555 805 1621 hune
823 1553 990 1640 Tragicum
1004 1561 1095 1627 etiam

178 1674 328 1758 pertinet,
360 1671 446 1755 quod
468 1686 568 1737 narrat
594 1668 770 1737 Aristoteles
796 1669 893 1735 tace.
916 1672 957 1738 ll.
989 1696 1020 1756 p.
1038 1677 1094 1759 76.
1233 1670 1236 1679 '

181 1789 332 1873 ’Λντιφῷν
348 1789 363 1855 ά
381 1787 503 1864 notariis
517 1784 635 1868 μέλλων
648 1786 939 1869 άσρσνμπσνάζεσάσν
955 1790 1009 1856 ὑπὸ
1028 1802 1098 1859 Aeo·

180 1903 308 1982 ννσάσν,
343 1899 426 1970 εἶπεν
443 1899 459 1980 ,’
483 1902 552 1969 ἰδὼν
574 1901 642 1974 τοὺς
665 1899 905 1986 συναποθνήσκειν
930 1901 1098 1982 μέλλοντάς

181 2017 457 2099 ἑγκσλνσσσριένσνς
471 2018 510 2090 ὥς
526 2017 616 2100 ᾔεσαν
631 2013 680 2081 διά
694 2011 750 2080 σάν
766 2009 887 2089 aalide,
900 2015 934 2081 rs
944 2016 1102 2092 ἕγκσιλάνσ.

183 2134 290 2209 σεσάε,
319 2131 397 2215 ἔφη·
426 2130 443 2208 ἢ
469 2132 512 2212 μὴ
537 2130 693 2214 adprime
718 2130 799 2209 ὑμᾶς
818 2128 998 2210 Daradrai.
1048 2131 1100 2199 Ex
1135 2167 1161 2215 0

183 2244 386 2327 Antiphontis
409 2242 554 2309 dramatis
570 2242 713 2308 laudatur
725 2241 913 2328 Ἀνδρομάχη
930 2245 969 2310 ab
984 2245 1099 2314 Aneo-

184 2379 221 2423 σε
245 2358 356 2424 Ethic.
381 2356 518 2422 Eadem.
539 2358 622 2422 vlll.
642 2377 674 2439 4.
696 2358 872 2440 Μελέαγρος
884 2358 922 2424 ab
940 2359 1100 2429 Aristotele

183 2473 283 2538 Rhea.
299 2469 342 2538 ll.
365 2492 398 2554 p.
418 2475 493 2536 108.
537 2470 662 2557 Quibus
677 2471 799 2556 Jonlius
814 2487 844 2537 et
859 2472 1018 2542 Fabricius
1037 2497 1103 2544 ma·

185 2588 213 2651 le
240 2585 356 2651 addunt
377 2586 568 2666 Πλάξιπσσν.
613 2585 695 2650 Nam
712 2605 748 2651 ex
766 2585 928 2653 Aristotele
943 2591 1041 2658 Rhea.
1057 2593 1099 2660 11.

185 2721 221 2786 p.
238 2703 292 2785 ⁶3·
323 2715 466 2783 apparet,
499 2699 688 2785 Plexippum
715 2719 778 2766 non
802 2700 907 2766 drama
923 2702 1031 2786 soille,
1053 2704 1104 2771 sed

187 2815 345 2898 personam
362 2813 517 2880 induiiam
536 2813 567 2877 in
582 2813 765 2897 Μελεάγρῳ.
811 2817 860 2881 De
877 2815 1028 2902 Plexippo
1044 2817 1109 2885 sm.

187 2930 285 3014 gulari
299 2928 401 2994 libello
419 2926 579 3010 disputasse
588 2925 822 3010 Andronium,
844 2927 1107 3016 Grammatieum,

190 3044 282 3110 docet
304 3043 481 3109 Athenaeus
504 3042 546 3107 L.
570 3040 644 3106 XV.
673 3061 708 3123 p.
730 3044 805 3124 673·
836 3041 875 3106 F.
927 3041 1012 3108 Hinc
1033 3044 1105 3124 Cel.

188 3160 308 3226 Praeses
330 3156 509 3223 emendabat
534 3156 688 3222 Pollucem
706 3156 748 3220 X.
767 3157 821 3238 63.
844 3171 901 3236 pro
914 3158 945 3224 ἔν
962 3153 1109 3247 ’horpal-

189 3301 252 3350 νσνς
275 3273 447 3356 Μελεάγρῳ
469 3273 569 3354 legens
588 3274 618 3338 ia
634 3272 826 3357 Ἀντιφῶντος
841 3273 1035 3356 Μελεάγρῳ·
1056 3277 1109 3343 cui

162 3375 296 3453 'eadem
319 3386 469 3451 medicina
490 3384 659 3451 adhibenda
680 3384 840 3452 videbatur
866 3384 937 3453 Vll.
964 3407 1017 3471 57.
1051 3393 1108 3460 ubi

193 3502 374 3586 Ἀντιφάνης
395 3501 425 3565 ἐν
444 3503 563 3585 Μηδείῳ
587 3499 740 3564 laudatur.
792 3500 883 3565 Forte
908 3502 1111 3588 Antiphontis

195 3616 316 3691 Mnitsa
338 3633 402 3680 non
420 3614 503 3678 aliud
522 3614 626 3678 drama
643 3611 724 3694 fuit,
747 3633 839 3696 quam
855 3615 980 3700 Ἰάσων,
1005 3622 1111 3704 quod,

195 3745 350 3810 nusquam
376 3729 414 3795 ab
437 3727 527 3796 editis
543 3726 743 3813 scriptoribus
759 3745 980 3816 memoratum,
1003 3736 1115 3801 citatur

1080 3847 1132 3930 ub¹
