2580 5146
248 349 463 425 TIBERII
505 351 938 426 HEMSTERHUSII.
1010 375 1080 440 ⁸9-

129 540 338 621 tolerabilem,
368 555 424 602 nec
452 555 470 602 a
497 555 528 603 re
551 536 762 604 abhorrentem
788 537 902 606 sensum
917 539 1050 623 efficiat3

132 656 183 723 sed
208 669 323 737 reperta
345 652 543 734 corruptela,
571 653 637 719 lene
662 652 854 720 &blandum
872 653 910 719 ab
928 654 1052 738 ingenio

133 769 299 836 remedium
325 765 514 852 postulabat.
564 767 600 832 ln
624 786 689 849 quo
708 782 743 832 ut
759 785 834 848 eos,
859 766 912 851 qui
932 771 1054 836 nullutn

130 885 206 950 dum
229 883 361 952 Critices
377 878 466 946 usum
483 880 648 963 haberent,
671 880 857 963 sublevaret,
883 881 946 966 ipse
961 858 1055 948 inter·

129 999 205 1065 dum
229 997 297 1067 uias
322 994 495 1078 quasdam,
529 1014 608 1077 quae
624 995 700 1062 serre
719 995 759 1062 ad
778 1015 882 1065 verunt
898 996 1054 1065 invenien-

127 1112 203 1180 dum
218 1109 360 1196 possent,
381 1108 551 1179 indicabat.
594 1110 779 1177 sirenaeo
796 1111 960 1195 tetigisses,
979 1131 1053 1180 carr·

128 1227 198 1293 dide
228 1224 396 1311 plaudebat
417 1223 564 1290 sollertiae
587 1238 678 1308 tuae,
707 1225 932 1293 &acerrimum
951 1227 1052 1295 laudis

128 1341 285 1410 llimulum
311 1338 497 1407 adhibebat:
519 1338 564 1406 srrr
581 1340 708 1423 minus,
730 1339 814 1406 suam
832 1340 894 1424 ipse
909 1341 1053 1409 emenda·

128 1457 245 1531 tionem
270 1454 455 1540 promebat,
487 1469 522 1521 ut
539 1451 703 1538 quaerendi
721 1453 752 1519 dt
770 1456 962 1541 conjeslandi
979 1455 1051 1524 sitris

128 1570 225 1642 limet.
277 1571 347 1636 Hac
373 1568 491 1634 ratione
509 1568 683 1653 usurpanda
701 1570 751 1636 vir
767 1569 906 1638 summus
922 1590 985 1638 nort
1003 1569 1053 1639 so·

127 1687 192 1754 lum
219 1685 377 1770 discipulis
394 1683 456 1750 suis
474 1682 653 1749 facultatem
677 1684 770 1750 dabat
784 1685 916 1752 Critices
931 1705 1051 1772 cogno·

127 1800 274 1883 scendae,
303 1799 357 1866 sed
367 1795 492 1864 eosdem
507 1797 596 1865 etiam
612 1796 859 1866 consuefaciebat
873 1802 905 1866 in
920 1802 1052 1886 legendo

128 1915 239 2001 judicii
271 1913 457 1981 severitatem
492 1912 652 1996 adbibere,
691 1910 864 1995 &semper
890 1915 1052 1996 animum,

133 2027 211 2112 quid
232 2022 402 2112 intelligat,
424 2026 501 2110 quid
518 2029 643 2108 minus,
665 2026 862 2110 interrogare.
905 2027 949 2094 Et
962 2027 1053 2096 mita·
1084 2114 1087 2119 Ι

133 2162 227 2224 mur,
255 2142 383 2226 exejus
407 2141 565 2226 disciplina
591 2142 696 2226 plures
720 2140 934 2226 acutioresque
958 2143 1053 2210 Criti-

131 2276 211 2341 cos,
235 2275 328 2341 quam
344 2276 362 2322 e
379 2256 650 2342 cujusquamante
665 2256 774 2338 illum,
791 2255 960 2340 prodiisse?
981 2257 1054 2326 No·

130 2374 187 2442 lim
210 2370 345 2456 fingulos
369 2370 527 2437 ambitiose
553 2389 804 2439 commemorare.
848 2372 973 2457 Facile,
997 2375 1053 2459 qui

131 2488 211 2570 snt,
238 2489 324 2554 uelut
357 2487 482 2570 propria
505 2487 637 2571 quadarn
672 2504 773 2570 nota,
803 2487 990 2574 intelligendi
1020 2491 1053 2558 dt

127 2600 286 2688 judicandi
321 2601 487 2667 subtilitate
521 2600 764 2685 cognoscuntur.
817 2603 926 2673 Unum
949 2621 1054 2674 tarnem

127 2716 246 2785 silentio
269 2716 427 2801 praeterire
456 2734 520 2782 non
543 2714 686 2815 pullum,
717 2735 896 2802 germanum
909 2720 1051 2804 inprimis

129 2829 349 2900 Hemllerlrusri
389 2829 604 2914 discipulum,
644 2831 687 2900 L.
724 2833 766 2899 C.
800 2832 1052 2902 Valckenarium.

131 2947 194 3014 llic
225 2947 338 3027 enim,
372 2963 465 3027 quam
491 2962 509 3009 a
531 2942 674 3026 magistro
697 2946 815 3028 accepit
840 2946 1053 3033 disciplinam,

127 3077 201 3127 'ante
225 3061 458 3144 Franequerae,
486 3078 569 3126 nunc
597 3060 731 3143 Leidae‚
761 3061 803 3126 ita
821 3061 965 3150 tuetur&
980 3081 1053 3147 pro·

132 3192 225 3260 pagat
242 3173 370 3258 ingeniis
390 3173 518 3240 feliciter
533 3174 724 3257 formandis,
748 3191 804 3258 ut,
827 3175 1054 3245 Hemllerhusro

130 3291 169 3357 de
190 3291 255 3356 vira
275 3289 416 3371 sublato,
440 3307 598 3371 nunquam
624 3289 760 3357 defuturi
778 3289 856 3370 sint,
880 3293 936 3374 qui
952 3293 1054 3366 literas

132 3401 398 3470 Hcmllerhusiana
420 3405 536 3470 ratione
558 3408 676 3474 colant.
728 3405 790 3472 Hic
814 3407 975 3490 utriusque
996 3411 1054 3478 lin·
1180 3465 1183 3469 .
1215 3498 1234 3516 Ι·

132 3519 419 3603 guae-analogiam,
443 3539 536 3602 quarn
555 3519 603 3587 vit
620 3519 801 3598 immortalis
819 3522 966 3607 impertiit
985 3525 1057 3609 qui·

132 3632 203 3697 dem
231 3632 411 3715 discipulis,
449 3634 499 3700 sed
532 3633 625 3701 literis
660 3636 803 3703 mandare
829 3641 981 3723 neglexit,
1010 3641 1056 3707 ita

135 3745 221 3839 quau
240 3767 296 3846 per
317 3765 427 3819 matus
449 3747 541 3820 uadit
563 3750 652 3835 aliis,
676 3765 725 3835 ut,
747 3752 839 3828 etiam
860 3755 883 3826 ii
903 3775 995 3824 nemo
1016 3755 1055 3818 11.

994 3867 1057 3934 lam
