2580 5146
292 326 536 398 GALLA
585 320 953 398 PLACIDIA.
1038 342 1102 413 aoy

171 516 229 603 ipit
247 516 323 582 adeo
345 511 464 581 homini
482 510 636 595 arroganti
651 527 844 595 opponeret,
866 511 993 596 dignum
1014 511 1100 596 judi·

172 635 269 700 cavit.
321 629 454 709 Aetius,
486 629 541 711 qui
564 632 697 693 multum
725 629 809 712 apud
830 632 1020 715 exercitum,
1050 653 1105 699 ne·

173 768 235 832 que
258 746 363 811 minus
388 741 471 826 apud
493 741 651 822 Humor,
674 741 770 825 gratia
792 741 943 824 florebat,
975 744 1101 826 quidvis

171 860 301 946 potius,
327 874 421 939 quam
446 854 525 921 hanc
550 852 712 937 iujuriam,
744 850 800 917 fibi
820 852 910 919 duxit
934 856 1102 938 perpetien-

173 977 262 1044 dunt.
317 971 389 1039 Tali
418 968 515 1037 modo
543 989 615 1036 cuut
649 968 791 1036 acerrime
825 973 1100 1062 congrederentur,

171 1090 282 1157 Aenus
301 1085 427 1171 quidem
449 1084 576 1151 inferior
599 1084 638 1148 ad
657 1086 792 1151 IIunnos
811 1085 956 1166 discent,
991 1111 1020 1157 at
1039 1093 1101 1158 Bo·

171 1205 306 1272 nifacIus
333 1216 457 1269 tantum
481 1201 650 1284 reportavit
677 1204 815 1289 vulnus,
845 1220 881 1271 ut
898 1209 1007 1290 paucis
1032 1209 1102 1294 post

173 1322 283 1387 diebus
308 1319 410 1386 anima
437 1316 509 1384 effet
534 1317 688 1383 reddenda
712 1319 795 1404 (y).
847 1322 893 1388 Et
913 1343 1103 1409 quamquam

174 1437 393 1516 Sebastianus,
416 1434 572 1501 Bonifatii
598 1453 706 1518 gener,
728 1436 760 1502 in
784 1436 850 1522 ejus
869 1438 973 1505 locum
998 1443 1104 1508 succe·

173 1555 289 1636 debat,
311 1568 413 1620 tamen
436 1547 649 1617 versatiiirmua
667 1549 717 1615 ille
737 1551 848 1618 Aetius
871 1567 934 1621 tarn
955 1554 1102 1641 sapienter

174 1670 308 1739 Inserviit
334 1669 460 1750 scenae,
491 1681 528 1732 ut
556 1664 619 1749 ipse
645 1665 688 1733 Α.
715 1665 757 1732 C.
775 1687 838 1751 433
869 1667 954 1752 (a).
1007 1673 1104 1740 Theo·

177 1785 259 1870 dofio
284 1780 476 1869 Aug.x1v.
503 1793 535 1846 ct
552 1779 655 1847 Ancio
678 1781 829 1847 Maxr'mo
844 1781 922 1865 Coff.
946 1785 1102 1866 pristinam

175 1911 368 1979 recuperaret
394 1894 596 1979 dignitatem,
627 1893 805 1960 Sebastiano
839 1893 987 1979 quidem,
1025 1897 1104 1964 inse·

178 2017 287 2102 quenti
304 2035 408 2099 anuo,
429 2017 462 2082 iu
480 2014 605 2082 exilium
626 2025 719 2077 eunte
744 2011 762 2097 (
799 2011 833 2095 ).

601 2242 685 2316 VI.

220 2479 273 2546 Eo
290 2492 427 2561 ternpore
442 2474 537 2542 Galla
558 2460 695 2540 Placidia
717 2492 755 2541 ex
779 2471 908 2558 perditio
924 2473 1103 2562 Honoriae,

178 2598 281 2684 filiae,
310 2595 450 2665 moribus
482 2594 597 2660 vulnus
620 2590 825 2677 graviiinuum
850 2592 981 2677 accepit.
1032 2596 1107 2663 Ete-

181 2717 246 2786 nim
271 2718 344 2799 ilia,
373 2713 421 2781 uti
441 2712 474 2779 in
496 2710 591 2794 priori
615 2692 952 2795 Disputatione'latius
980 2710 1109 2776 demon·

920 2851 922 2857 .
1038 2830 1110 2896 stu.

215 3003 280 3084 (y)
301 3005 423 3077 Prosper
457 2998 614 3072 Aquitanos
638 3004 668 3060 in
695 3000 829 3060 Chronico
855 2997 898 3055 ad
926 2998 964 3058 A.
989 3001 1022 3060 C.
1038 3015 1106 3078 432.

171 3109 292 3169 'uberius
314 3108 382 3169 haec
406 3105 534 3178 exponit.
581 3104 684 3166 idatius
707 3112 737 3166 in
756 3102 865 3162 ceron.
878 3121 930 3163 an.
945 3104 1030 3165 VIII.
1051 3107 1107 3166 Va·

178 3215 345 3274 lentiniam‘.

217 3312 285 3394 (a)
306 3312 410 3373 idatius
432 3314 476 3373 ad
484 3331 534 3374 an.
556 3313 607 3374 III.
624 3316 772 3374 Valentia·
788 3314 828 3374 A.
842 3314 875 3373 C·
891 3329 959 3391 433·
993 3319 1110 3393 letitia,

178 3418 288 3491 inquit,
309 3416 369 3477 dux
381 3422 529 3492 utriusque
546 3421 670 3483 militiae,
686 3422 835 3478 Patricius
850 3420 1025 3493 appellatur.
1060 3433 1067 3444 '

218 3517 288 3599 (a)
309 3521 412 3585 idatius
427 3523 470 3582 ad
487 3543 537 3583 an.
558 3529 594 3583 X.
614 3524 760 3582 Valentia.
778 3523 817 3582 A.
834 3523 866 3582 C.
884 3538 952 3602 434.
972 3526 1115 3602 Sebastia-

184 3641 258 3692 nus,
285 3624 395 3700 inquit,
424 3630 495 3689 exul
513 3642 543 3688 et
559 3627 699 3705 profugus
720 3624 825 3704 affatius
845 3633 969 3705 navigat
983 3632 1116 3709 adpala·

181 3732 257 3787 tium
271 3729 407 3791 Orientis.
