2580 5146
218 359 457 435 GALLA
521 358 888 433 PLACIDIA.
955 382 1016 435 aar

100 576 133 622 re
157 552 196 618 ad
221 553 354 619 Hunnos
376 545 639 630 napoleonis,
668 547 728 614 hos
753 561 789 613 ut
811 547 850 614 ad
864 548 1018 634 suppetias

102 671 242 741 ferendas
262 668 446 735 sollicitaret.
470 665 606 744 Is‚cunr
620 680 720 746 neque
735 681 860 731 munera
875 661 1019 748 deerant,

101 806 204 871 neque
225 783 382 851 familiaris
401 799 473 848 cum
496 779 621 845 Hunnis
637 779 845 846 consuetudo:
867 783 1021 864 'quatum

101 902 203 969 fuerat
226 899 319 981 usus,
349 917 421 963 cum
437 893 552 961 obfidis
568 896 640 960 loco
659 893 742 979 apud
757 913 810 960 eos
825 885 1019 967 retineretura

102 1015 131 1079 iu
155 1014 271 1096 igitur,
301 1024 337 1076 ut
360 1009 513 1094 sexaginta
538 1007 725 1074 Hunnorum
749 1009 841 1076 millia
856 1011 888 1077 in
905 1013 1023 1081 ltaliam

101 1127 408 1210 confluerent,nullo
428 1125 490 1192 fere
502 1125 627 1208 negotio
641 1125 827 1208 impetravit.
872 1130 932 1195 His
949 1151 1025 1200 cunr

102 1246 225 1331 Asparis
241 1246 394 1312 exercitus
409 1244 535 1309 obviarn
551 1243 625 1324 iret,
648 1242 729 1310 fadla
742 1246 786 1313 eli
801 1248 944 1333 utrinqne
960 1269 1025 1316 ma·

102 1366 185 1432 xima
211 1363 332 1430 caedes.
389 1360 454 1429 Sed
478 1360 589 1427 Aetius
609 1359 646 1425 de
665 1361 789 1428 Ioannis
803 1382 899 1431 morte
914 1369 1025 1436 certior

102 1478 226 1563 fadus,
254 1482 348 1549 satius
372 1478 517 1562 putavit,
549 1496 625 1561 pace
647 1477 802 1563 restituta,
824 1483 976 1553 Placidiae
993 1503 1025 1552 et

103 1596 310 1663 Valentiniani
332 1593 462 1679 gratiam
485 1595 656 1676 aucupari,
689 1615 782 1678 qnam
810 1596 928 1665 diutius
952 1600 1024 1667 belli

105 1709 269 1793 periclitari
288 1706 460 1776 fortunam.
513 1708 621 1789 ltaque
646 1709 728 1790 spem
748 1712 831 1793 apud
853 1715 1025 1797 Augustam

109 1821 232 1902 iniens,
261 1822 425 1904 futurum,
447 1836 501 1902 ut,
524 1820 705 1904 fibarbari,
728 1843 809 1905 quos
826 1824 945 1892 sedibus
965 1829 1027 1894 suia

111 1936 284 2019 exciverat,
313 1936 412 2003 studio
434 1955 589 2021 operaque
612 1937 665 2004 sua
694 1937 732 2001 ad
755 1939 853 2002 Lares
874 1939 1028 2026 redirent,
1108 1946 1112 1951 ’

112 2052 250 2119 Comitis
275 2051 420 2134 dignitate
441 2066 618 2117 ornareturr
643 2048 675 2115 in
689 2068 727 2116 eo
745 2068 853 2116 omncs
867 2052 1030 2123 industriae

112 2190 225 2238 nervos
250 2169 428 2253 contendit,
451 2184 487 2236 ut
501 2168 637 2234 Hunnos
654 2166 877 2253 mercenarios,
901 2189 976 2237 auro
993 2173 1032 2238 li·

112 2284 252 2351 beraliter
273 2282 429 2375 donatos,
459 2278 619 2347 obsidibus
644 2279 745 2362 datis,
768 2282 799 2348 in
816 2281 888 2352 suos
903 2304 1032 2357 verteret

110 2397 187 2467 fines
211 2399 303 2485 (m).
356 2397 419 2467 Sed
443 2398 524 2464 idem
540 2398 710 2466 llleAetius
728 2396 812 2484 five,
836 2403 923 2486 quod
938 2406 1067 2493 nimias

929 2539 1036 2597 alemus

112 2721 157 2793 dr
174 2719 294 2804 dpmlde
313 2703 362 2783 ὦ
377 2723 545 2802 πραγμάτων
558 2722 713 2800 lmpldu,
733 2727 834 2790 Matri
845 2731 924 2808 ipsius
941 2735 1034 2792 Plara-

113 2833 180 2893 dr'ae
213 2851 310 2891 reram
339 2829 610 2905 administrationem
640 2837 821 2890 committens.
860 2834 1037 2894 sozomenus
1106 2855 1110 2858 ·

116 2944 199 3003 Libr.
217 2938 266 2998 lx.
293 2957 317 2996 c.
333 2937 363 2996 6·
389 2935 568 2995 Constantius
583 2942 614 2995 in
629 2938 699 2996 Vita
714 2936 745 2994 S.
763 2937 901 2995 Germani
911 2935 976 2995 Lib.
994 2933 1035 2999 11.

117 3065 141 3124 c.
158 3061 203 3118 13.
222 3042 302 3120 apud
313 3041 430 3099 Surium
445 3040 474 3099 d.
491 3056 539 3113 30.
558 3041 614 3101 Iul.

153 3147 234 3228 (air)
255 3142 457 3218 Philostorgius
482 3145 549 3205 Lu.
563 3145 631 3205 ΧΠ.
651 3144 756 3218 infine.
787 3146 908 3219 Prosper
923 3146 1040 3221 Aquitav

115 3271 167 3314 nus
182 3259 213 3313 ln
231 3251 365 3312 Chronico
381 3248 424 3307 ad
432 3250 473 3308 A.
493 3252 525 3310 C.
542 3267 611 3326 425.
631 3252 732 3322 Dara,
752 3249 861 3324 inquit,
882 3256 966 3310 reaia
984 3250 1042 3307 Ae·

114 3366 176 3430 rio,
204 3357 306 3417 Hunni
315 3396 325 3424 ‚
344 3371 410 3426 qaas
422 3365 479 3428 per
495 3353 585 3429 ipsam
598 3356 717 3415 Ioannes
734 3357 902 3424 exciverat,
921 3354 1044 3431 ejusden

114 3461 204 3537 studia
225 3461 267 3520 ad
279 3462 402 3535 propria
427 3457 534 3535 reverss
550 3458 633 3530 sant.
672 3446 826 3519 Calliodorss
850 3463 880 3518 r'n
907 3458 1044 3520 Clrrom'ca

123 3565 236 3625 Paullus
266 3563 410 3622 Diaconos
438 3561 503 3621 Lib.
523 3563 613 3649 xlv,
623 3576 693 3639 pag.
717 3579 766 3639 93.
794 3567 866 3625 Tam.
882 3564 907 3624 Ι.
937 3568 1045 3639 Scrr'ptt

122 3671 196 3728 Rea.
212 3666 307 3727 Italic.
322 3665 489 3724 Muratorr'r‘
501 3679 529 3726 et
547 3666 703 3743 Frigeridus
718 3670 799 3745 apud
812 3672 980 3746 Gregorium
993 3669 1048 3734 len

122 3769 269 3846 fanensem
286 3769 351 3837 arb.
366 3770 407 3838 11.
426 3787 451 3840 c·
465 3767 493 3838 8·
919 3787 923 3794 '
