2580 5146
228 330 439 404 nrnrntr
481 326 950 429 trrtnrs‘rnttntrsrt⁴
999 352 1036 421 ει

114 535 246 605 randum
276 528 470 614 suscepisset,
497 531 614 596 onerari
637 530 699 613 iia,
729 550 809 613 quae
831 532 869 597 ad
894 530 1036 615 quemvis

119 653 213 718 alium
241 648 415 731 scriptorem
433 644 523 710 scribi
539 643 679 728 possent,
700 646 867 728 explicari,
891 667 969 729 quae
985 665 1039 714 ne·

118 784 173 834 mo
200 765 254 831 sibi
279 759 425 846 explicati
445 759 539 838 uelit,
567 759 599 825 in
618 758 840 827 difficilioribus
857 760 977 827 destitui
996 765 1039 829 le·

118 883 240 961 tiores,
267 896 315 943 res
339 875 371 942 bu
394 874 554 940 sententias
571 873 705 957 negligi,
728 874 804 939 nihil
821 873 876 942 nisa
892 877 1040 960 loquendi

112 982 269 1063 formulas
284 987 440 1070 enarrari,
463 987 493 1054 tu
510 1008 549 1053 ne
565 989 684 1053 illarum
701 988 825 1071 quidem
843 992 985 1057 notiones
1002 993 1042 1058 ad

114 1127 280 1188 normam,
311 1121 405 1189 quam
428 1101 764 1187 pertranseuntem,
790 1103 823 1188 J.
851 1106 888 1177 F.
915 1105 1042 1173 Grono-

117 1222 189 1290 vius
210 1218 362 1300 dedisset,
391 1215 530 1283 amnne
546 1215 578 1281 br
594 1219 749 1282 enucleate
764 1218 863 1299 tradi,
887 1219 935 1285 sed
951 1237 1044 1288 teme·

117 1357 151 1405 re
172 1335 289 1402 misceri
314 1330 527 1398 &confundi
580 1330 826 1399 Hemsterbusrus
852 1355 926 1401 vero
942 1336 1043 1419 ipsura

115 1449 275 1534 scriptoris
292 1461 505 1532 argumentum
522 1448 705 1530 amplexus,
727 1447 939 1518 obscuriorum
954 1454 1044 1519 ioco·

113 1584 189 1632 'rum
221 1563 361 1630 tenebrae
382 1560 479 1627 modo
506 1579 544 1627 ex
567 1559 690 1626 historia
715 1562 747 1628 bt
769 1564 959 1647 antiquitatis
978 1587 1043 1633 me·

119 1680 240 1762 moria,
270 1675 365 1744 modo
388 1690 622 1760 extemporum
639 1676 777 1759 ratione,
801 1679 897 1745 modo
912 1701 949 1748 ex
965 1683 1043 1748 intc-
1089 1686 1094 1713 ³

118 1795 202 1867 aiore
219 1791 434 1877 philosophia,
466 1789 561 1858 modo
576 1811 613 1858 ex
628 1791 695 1857 aliis
711 1793 828 1858 artibus
846 1793 1040 1877 dispellebata

117 1907 249 1990 sontes,
278 1905 360 1973 unde
376 1905 515 1990 quidque
531 1903 674 1973 haustum
689 1904 785 1987 esset,
806 1906 896 1972 locos
912 1910 1043 1977 aliorum

123 2023 311 2102 castorum,
343 2039 422 2104 quoa
436 2020 585 2104 scriptor,
609 2038 699 2103 quem
721 2021 884 2101 tractaret,
906 2023 955 2086 vel
972 2023 1043 2089 imi·

122 2135 226 2204 tando
241 2133 436 2220 expreffisset,
458 2136 507 2201 vel
524 2134 554 2200 in
571 2133 699 2200 transitu
707 2132 896 2217 respexisset,
919 2135 1046 2204 demon·

121 2251 263 2321 simbat:
292 2249 473 2334 exquisitior
495 2247 581 2314 uerbi
604 2262 657 2314 aut
682 2246 832 2314 formulae
855 2249 902 2317 vis
923 2249 1047 2320 stenar·

119 2367 219 2435 nanda
242 2364 334 2448 esset,
358 2385 423 2431 non
440 2365 489 2430 isse
505 2363 688 2430 diversarum
708 2362 988 2450 significationum,
1012 2382 1048 2436 nt
1081 2441 1085 2448 ,

122 2486 168 2550 ita
192 2483 316 2563 dicam,
346 2479 481 2545 confinia
502 2477 731 2559 confundebat,
760 2476 808 2543 sed
832 2483 1047 2551 tenuissima&

125 2599 257 2665 aliorum
288 2593 407 2662 sensum
431 2594 578 2679 fugientia
600 2591 773 2659 discrimina
797 2611 859 2662 tam
889 2600 1046 2683 perspicue

126 2728 331 2792 accurateque
348 2706 534 2790 definiebat,
557 2722 592 2773 ut
609 2707 641 2773 in
658 2707 706 2774 his
724 2709 814 2775 etiam
828 2715 1047 2795 geometricam
1088 2782 1091 2787 .

124 2828 305 2913 elegantiam
319 2823 410 2890 facile
429 2821 640 2907 cognosceres.

170 2914 489 3019 Animadverfionea‚
523 2956 600 3020 quas
623 2935 764 3020 scripsit,
794 2933 908 3004 habent
930 2939 1051 3010 beatam

125 3056 288 3141 quandam
311 3053 343 3119 bt
369 3052 490 3120 sclicem
514 3072 613 3119 rerum
639 3052 822 3116 ubertatem.
867 3053 936 3121 Nec
951 3070 1054 3126 tamen

133 3172 302 3254 quicquam
336 3168 367 3233 in
399 3166 460 3233 illis
486 3167 575 3232 alieni
600 3164 663 3248 est,
691 3165 739 3232 vel
765 3166 888 3249 longius
912 3170 1050 3243 arcessiti.

126 3285 246 3352 Omnia
280 3283 312 3348 δι
347 3296 417 3366 apte
447 3279 478 3345 ἃ
517 3279 575 3345 suo
606 3282 679 3346 ioco
702 3280 867 3358 dicuntur;
896 3299 931 3349 ut
953 3286 1054 3356 mirari

128 3401 258 3481 subeat,
287 3411 352 3463 tam
376 3400 484 3479 longas
510 3394 786 3462 animaduersrones
802 3396 890 3464 scribi
907 3402 1052 3483 potuisse.

132 3515 196 3581 Sed
219 3513 289 3578 talis
312 3511 407 3595 copia
428 3510 528 3577 facilis
543 3527 607 3575 etat
634 3511 681 3592 ei,
705 3512 759 3594 qui
775 3531 880 3578 omnes
896 3518 1054 3588 interiore·

132 3628 280 3694 Graeciae
303 3625 447 3706 Latiique
472 3623 602 3689 recessus
627 3640 751 3693 teneret.
796 3629 846 3694 Ne
862 3635 975 3700 musta:
1001 3635 1056 3699 ha·

131 3743 208 3813 bent
222 3745 289 3832 ejua
298 3739 517 3810 *commentarii
534 3739 567 3808 in
582 3737 841 3828 Aristophanem,
863 3745 1054 3828 Lucianum,

999 3859 1062 3926 Xe.
