2580 5146
328 344 595 424 DOCTORE
637 351 964 429 UMBRATICO.
1047 383 1106 434 tar
1223 405 1226 413 -

186 549 314 632 putant.
363 535 436 605 Noa
450 533 568 604 tametsi
583 549 697 604 veteres
715 539 833 608 artibus
850 540 912 625 iis,
935 562 1013 627 quae
1027 543 1110 634 ingu-

192 656 249 731 nio
263 651 476 732 confitentur,
499 651 542 719 ita
554 652 697 718 excellere
709 653 909 743 judicamur,
933 675 967 723 ut
981 658 1108 743 posterla

193 785 317 842 omnem
349 764 394 837 sui
417 762 623 848 consequendi
646 763 727 850 spem
751 766 902 839 abstulisse
927 771 1108 861 videantur,

183 899 315 964 tamn,
344 880 420 965 quin
445 881 496 945 vel
522 877 644 962 stolidi,
677 882 728 952 vel
749 880 882 954 invidiae
900 884 968 950 labe
984 884 1111 972 suffun,
1188 910 1193 923 ·

188 994 403 1070 obtreeiaturit
421 991 480 1074 iit,
502 992 585 1060 suam
600 992 718 1065 nostrae
734 997 825 1070 aetati
837 997 958 1069 laudem
974 997 1111 1071 detrabe·

185 1132 239 1194 ne,
261 1109 338 1182 nihil
357 1106 551 1180 dubitamus.
593 1107 680 1196 Quin
701 1108 740 1174 ad
755 1110 914 1184 utilitatem
929 1111 1112 1199 fruiiuolta·
1220 1175 1223 1183 .

186 1225 322 1308 sumum,
352 1237 447 1304 atque
472 1219 513 1293 ad
539 1221 632 1295 animi
657 1225 849 1308 uoluptatem
872 1225 1108 1302 liberalillimunt

184 1339 252 1421 est,
288 1336 422 1414 nmina
449 1353 488 1413 ea
509 1337 690 1420 antiquitate
716 1338 835 1424 ingenia
860 1360 934 1414 eum
955 1342 1106 1417 citatioria

185 1451 335 1538 temporit
357 1447 527 1522 luminibus
553 1450 762 1535 committere,
785 1452 925 1539 &quam
943 1455 1025 1523 felici
1043 1454 1111 1530 stu·

184 1568 241 1639 dio
272 1565 456 1642 recentiorta
479 1563 625 1646 antiquos
651 1566 721 1641 illos
746 1568 856 1643 imitati
877 1568 957 1654 lint,
987 1568 1105 1645 curiosa

182 1685 354 1768 explorare.
405 1624 533 1763 *rid
558 1697 632 1745 veto
657 1680 740 1747 aliud
761 1681 857 1752 livore
872 1683 977 1775 pallidi
990 1684 1104 1750 Gran.

179 1796 320 1878 matiliae
342 1792 530 1866 acerbiffimo
545 1793 576 1858 in
594 1812 675 1869 nova
690 1795 811 1882 ingenia
825 1797 1105 1891 odioproiiciunt,

181 1910 244 1987 nist
275 1927 310 1978 ut
342 1909 398 1994 ipll
423 1907 603 1983 liberalioris
632 1908 725 1982 animi
754 1911 829 1987 viria
851 1912 928 1984 risus
946 1913 1104 1995 jocusque

180 2027 268 2107 lint,
297 2026 368 2105 vel,
400 2041 464 2107 quo
479 2022 556 2090 nihil
568 2022 611 2088 est
626 2022 806 2109 indignius,
830 2024 1008 2090 auctoribus
1025 2026 1103 2090 anti·

182 2140 259 2226 quia
284 2137 429 2212 invidiam
445 2139 594 2207 conflent.
640 2136 697 2209 Est
715 2138 796 2205 enim
814 2136 1004 2234 noviti9tum
1022 2157 1103 2223 qun.

177 2253 311 2340 rumdam
347 2253 533 2342 scriptorum
565 2272 600 2328 ea
633 2250 788 2336 stultitia,
827 2267 864 2319 ut
893 2251 921 2331 se
953 2269 1019 2320 tum
1048 2253 1104 2319 de«

174 2388 264 2454 anum
281 2370 396 2445 iliatam
420 2364 476 2443 sabi
498 2368 642 2453 injuriam
670 2366 787 2452 egregie
804 2366 943 2453 nepuiilie
962 2383 1098 2452 putent,

177 2505 254 2566 cum
281 2481 522 2567 indignationem
555 2482 586 2560 dr
614 2481 710 2566 iram,
748 2500 827 2566 quae
851 2484 882 2550 in
904 2483 1101 2576 paedagog92„

175 2596 364 2682 effundenda
399 2596 530 2683 fuisset,
573 2597 607 2664 in
646 2595 742 2692 ipsam
780 2598 991 2693 antiquitatem
1022 2621 1100 2677 eru«

174 2713 324 2795 uiuerint,

220 2829 328 2896 Sentio
351 2825 519 2902 orationem
546 2845 565 2900 a
589 2826 748 2915 propofito
766 2830 905 2912 paullum
924 2826 1099 2905 declinasse,

176 2945 339 3028 Agebatur
369 2940 449 3007 enim
475 2941 638 3033 inprimis,
667 2958 723 3026 ut,
753 2961 831 3026 quae
854 2939 1100 3008 umbraticorum

178 3042 427 3149 paedagogorum
444 3076 498 3143 par
513 3076 620 3123 ornnes
634 3057 833 3132 humanitatis
848 3069 949 3137 partes
965 3051 1107 3137 disciplis

176 3192 216 3252 na
244 3171 302 3253 fit,
332 3169 573 3249 ostenderemus,
630 3169 704 3237 Hoc
729 3170 822 3257 igitur
843 3167 1014 3247 faciemus,
1044 3167 1103 3246 ubi

177 3301 264 3369 ante,
288 3304 384 3369 quarn
399 3285 463 3360 fieri
477 3284 576 3370 potest
589 3283 779 3366 breviliinte,
801 3279 1099 3375 demonstrarimus,

166 3401 336 3484 ¹quomodo
386 3399 553 3477 eorundem
599 3398 719 3478 inscitia
773 3395 990 3471 humaniorum
1029 3395 1098 3467 lite-

174 3533 277 3596 rarum
314 3512 421 3598 linea,
466 3534 485 3580 a
518 3515 674 3595 natatibus
706 3511 915 3612 sapientissime
948 3512 1101 3583 constitu«

172 3643 249 3709 tos,
277 3628 415 3708 mutarit,
466 3629 553 3697 Olim
581 3626 780 3709 humanitatis
802 3627 910 3695 studiis
939 3647 1002 3695 non
1025 3644 1095 3699 tarr·

172 3757 241 3827 tum
264 3741 392 3830 Poifia,
420 3741 633 3828 Eloquentia,
665 3739 867 3829 &ilistoria,
888 3742 1097 3835 sedinprimia
