2580 5146
263 345 345 412 ns
407 342 907 419 nnrrrnourn.
983 367 1048 438 ,ῃ
1132 299 1138 310 ’

130 532 161 596 in
178 531 305 616 patriam
323 529 434 614 agitare
449 531 574 614 coepit,
589 531 718 598 offerens
736 532 896 601 liberaliter
909 548 977 600 tum
986 534 1053 602 Re·

129 647 177 730 gis
192 644 345 711 Persarum
360 645 544 727 amicitiam,
560 661 627 712 tum
642 665 765 728 omnam
781 647 887 731 suam,
901 650 958 715 hac
976 669 1051 716 con-

131 761 271 841 ditione,
301 775 337 825 ut
364 759 524 844 imperium
540 779 557 824 a
573 761 691 844 populo
708 762 746 828 ad
761 762 935 845 Optimates
950 778 1050 829 trans·

128 874 270 941 ferretur.
323 873 396 940 Hoc
420 874 592 940 Alcibiadis
616 874 774 942 consilium
791 895 809 941 a
829 876 972 943 Pisandro
987 877 1051 961 pri·

128 1009 213 1056 mum
233 1007 305 1056 cum
320 986 452 1064 Samiis,
475 1007 548 1056 mor
563 1006 634 1054 cum
650 966 906 1072 Atheniensibus,
929 990 1051 1072 quisn-

58 1129 62 1131 ’
128 1105 171 1170 mi
196 1102 413 1185 versabantur,
443 1103 706 1168 communicatum
733 1103 795 1184 est,
825 1118 977 1186 etparum
994 1103 1049 1170 ab·

127 1218 211 1301 fuit,
242 1220 341 1301 quin,
371 1215 591 1301 adjuvantibus
607 1218 684 1284 illud
705 1218 835 1284 Athenis
850 1218 939 1283 etiam
957 1218 1048 1302 primi

128 1332 243 1399 ordinis
265 1331 360 1414 vitis,
390 1329 520 1397 feliciter
534 1330 665 1399 cederet.
710 1333 771 1430 Sed
785 1333 858 1399 huic
876 1333 1048 1401 Alcibiadis

126 1448 253 1514 conatui
285 1444 446 1513 intercedit
473 1445 689 1529 Phrynichus,
718 1450 793 1515 Dux
816 1449 1048 1516 Atheniensium

127 1563 299 1644 exmcitus,
332 1560 440 1628 callide
460 1560 656 1644 intelligens,
687 1564 843 1631 Alcibiadi
869 1584 933 1631 non
951 1564 1048 1650 magis
1124 1587 1128 1594 ·

10 1696 12 1706 ·
125 1694 296 1761 paucorum
316 1674 513 1742 ‘dominatum
542 1675 731 1758 concesse,
754 1696 847 1760 quam
862 1677 972 1746 statum
990 1698 1048 1764 po-

127 1793 286 1872 pularem,
306 1788 358 1856 sed
372 1788 405 1855 id
421 1805 540 1857 tantum
558 1791 683 1874 quaeri,
708 1790 821 1875 (quod
837 1793 941 1874 postea
955 1812 1048 1860 eren·

128 1919 181 1970 tus
208 1903 447 1989 comprobavit)
470 1920 506 1971 ut
532 1905 614 1989 ipse,
645 1905 794 1970 discordia
818 1905 895 1970 inter
911 1904 1045 1972 civitatis

129 2020 263 2087 Ordines
287 2019 406 2103 sparsa,
427 2019 467 2084 ab
482 2021 624 2085 alterutra
639 2031 724 2100 parte
740 2017 771 2082 in
787 2017 934 2083 auxilium
954 2036 1047 2084 roce-

129 2149 192 2200 tur.
250 2132 395 2218 Longum
428 2133 499 2201 eset
530 2151 687 2213 enarrare,
725 2150 803 2215 quae
826 2130 1045 2216 impedimenta

126 2247 320 2331 Phrynichus
344 2246 515 2316 Alcibiadis
539 2248 666 2317 consilio
687 2246 846 2333 objecerit.
904 2245 1046 2316 Tandem

125 2361 267 2431 Pisander
296 2362 409 2445 aliique
437 2363 549 2447 Legati
577 2362 713 2429 Athenas
747 2363 896 2447 veniunt,v
924 2365 1074 2449 populo¹

123 2476 311 2562 persuasuri,
341 2492 377 2543 ut
404 2471 581 2544 Alcibiades
597 2480 627 2542 in
645 2479 771 2560 patriam
789 2493 971 2564 revocetur,
993 2493 1045 2567 et,

123 2609 242 2660 mutata
263 2591 390 2674 antiqua
411 2590 532 2676 regendi
555 2591 675 2673 sormi,
707 2595 881 2677 respublica
899 2595 1047 2679 quadrin-

122 2708 220 2793 gentis
236 2706 465 2774 committaturr
489 2703 625 2793 Quodsi
643 2707 799 2790 facerent,
821 2727 877 2774 eus
888 2709 1043 2776 Persarum

122 2825 238 2908 Regem
260 2822 331 2889 belli
346 2821 463 2888 socium
481 2821 662 2904 habituros,
685 2822 728 2887 snt
749 2822 869 2902 minus,
894 2841 932 2887 ne
947 2823 1043 2903 ipsam

125 2936 249 3021 quidem
264 2935 388 3002 salntem
405 2954 459 3002 eos
473 2935 669 3004 servaturam.
714 2937 783 3002 Hac
801 2932 969 3000 necessitate
985 2951 1045 3017 po·

123 3055 219 3138 pulus
246 3049 444 3134 compulsus,
474 3051 506 3117 in
526 3050 661 3117 Pisandri
677 3064 707 3116 et
723 3050 910 3132 reliquorum
928 3049 1043 3131 legatu-

122 3187 191 3234 rum
205 3164 377 3234 sententiam
395 3164 560 3247 concedit,
583 3180 612 3231 et
630 3164 856 3231 Democratiam
866 3162 1044 3246 Oligarchid

123 3295 308 3349 commutat.
353 3278 595 3346 constituuntur
603 3278 776 3345 Decemviri
791 3277 977 3361 reipublicae
993 3294 1045 3344 or·

123 3395 272 3462 dinandae
286 3414 359 3461 cum
376 3395 498 3462 summa¹
506 3390 674 3477 potestate,
696 3394 751 3476 qui
768 3408 850 3459 certa
870 3391 918 3459 die
934 3392 973 3459 ad
986 3411 1044 3478 po·

124 3511 232 3591 pulum
254 3509 403 3590 reserant,
433 3529 512 3591 quae
538 3509 657 3591 optima
680 3507 717 3575 stt
740 3508 817 3575 ratio
842 3504 1046 3593 Reipublicae

126 3621 390 3691 administrandae.
444 3623 510 3701 lli,
540 3622 595 3687 ubi
623 3622 687 3687 dies
712 3623 863 3705 advenit,
894 3627 1046 3710 populum

123 3751 257 3825 rogant,
275 3753 322 3829 ¹nt
345 3738 448 3807 cuivis
472 3736 705 3806 Atheniensium
719 3736 916 3822 sententiam,
939 3754 1047 3824 quam·

970 3864 1045 3913 cun·
