2580 5146
331 382 596 461 Doc'roRE
639 379 970 454 UMBRATICO.
1045 405 1106 476 133

171 577 216 644 de
234 573 327 659 nugis
339 571 487 654 tricisque
494 583 579 635 tanta
588 567 748 634 atrocitate
756 569 835 635 inter
844 567 870 633 se
881 568 1106 655 digladientur,

173 708 216 758 ut
234 708 293 775 pro
309 686 408 770 capite
425 703 463 752 ac
480 683 546 751 vita
565 701 715 750 certamen
732 681 890 767 suscepisse
905 683 1074 753 videantur.

216 805 280 870 His
305 786 449 868 omnibus
469 797 745 864 commemorandis
771 796 1098 882 demonstrandisque,
1142 861 1148 871 ‚

173 918 279 1000 qualia
293 912 535 983 umbraticorum
552 912 715 980 doliorum
731 911 890 994 disciplina
901 958 912 994 ,
923 914 1029 995 quales
1036 930 1104 978 mo·

173 1051 223 1100 res
239 1030 318 1111 filit,
338 1047 388 1095 me
402 1025 533 1092 arbitror
548 1029 675 1110 planum
694 1026 806 1095 fecisse.
846 1027 915 1092 Nec
935 1027 1103 1111 quisquam

177 1145 314 1230 amplius
340 1122 519 1223 dubitabit,
549 1141 626 1222 quin
651 1141 849 1207 humanitatis
872 1139 992 1220 studia,
1026 1161 1106 1225 quar

146 1245 149 1251 ¹
178 1260 254 1326 olim
279 1254 699 1336 concelebrataenitucrunt‚
721 1255 843 1322 illorum
859 1256 998 1338 inprimis
1013 1260 1107 1341 culpa

181 1373 292 1457 partim
320 1372 354 1438 in
369 1383 585 1450 contemtum,
607 1371 719 1453 partim
733 1369 766 1436 in
781 1369 937 1438 infamiam
951 1371 1105 1456 adduda,

183 1481 614 1553 deseranturdtobsolescant.

223 1600 288 1668 Sed
311 1596 431 1666 veniam
456 1616 516 1680 eo,
540 1616 605 1681 quo
624 1596 765 1664 &officii
782 1598 943 1685 sarclitas,
967 1574 1106 1690 &hujus

187 1713 244 1784 diei
258 1714 469 1795 sollemnitas,
492 1731 541 1778 me
555 1713 618 1797 J'am
639 1712 762 1778 dudum
776 1730 902 1781 vocant.
934 1717 1035 1783 Vobis
1051 1720 1110 1802 igi·

187 1843 258 1912 lut,
283 1826 412 1894 illustres
427 1827 587 1895 Musarum
604 1825 773 1892 nostrarum
791 1827 940 1910 praesides
956 1850 991 1895 ac
1007 1833 1110 1897 custo·

189 1943 266 2025 des,
282 1940 414 2026 gratias,
426 1955 556 2025 quantas
574 1942 695 2006 animus
711 1959 818 2022 capere
833 1940 981 2034 maximas
997 1944 1110 2028 potest,

189 2077 276 2145 ago,
292 2072 462 2138 agamque,
479 2054 554 2122 dum
569 2054 697 2134 vivam,
716 2053 803 2136 quod
814 2054 919 2119 Vestra
933 2058 1113 2124 aniloritnte

188 2192 256 2240 eam
273 2167 350 2237 mibi
365 2168 552 2253 provinciam
573 2166 790 2249 decreveritis,
806 2167 838 2233 in
855 2186 937 2251 qua,
954 2189 1046 2251 quarn
1064 2191 1113 2238 as·

183 2289 314 2386 secutus
339 2284 405 2351 sum
425 2281 643 2367 humaniorum
658 2282 811 2349 scientiam
828 2283 1003 2367 literarum,
1026 2284 1113 2354 sita·

181 2421 256 2471 men
274 2400 343 2469 sum
361 2398 496 2482 aliquam
511 2396 687 2479 assecutus,
701 2412 779 2462 certe
797 2399 828 2463 in
845 2418 908 2482 qua
924 2403 1114 2472 tantumitu·

178 2519 228 2593 dii
251 2512 429 2591 consumis,
458 2531 525 2578 eam
549 2511 791 2594 florentiffimae,
823 2533 902 2593 quae
923 2515 974 2582 hic
999 2518 1112 2603 ingenii

177 2636 308 2702 cultum
326 2627 431 2713 capit,
451 2626 608 2711 juventuti
623 2628 774 2708 explicare
790 2627 911 2711 posim.
955 2632 1112 2715 Equidem

179 2747 241 2817 etsi
266 2744 387 2826 sentio,
418 2760 467 2808 me
489 2740 630 2825 sapientia
645 2740 752 2806 Vestra
768 2741 878 2808 fretum
896 2746 967 2824 plus
988 2750 1112 2828 oneris,

187 2881 289 2947 quam
311 2859 390 2927 ferre
417 2853 546 2940 polim,
577 2853 743 2936 sustulisse,
766 2871 866 2921 tamen
882 2854 984 2921 Vobis
999 2861 1115 2940 recipio

187 2974 412 3061 spondeoque,
445 2989 516 3053 nse,
547 2968 634 3053 quod
651 2968 772 3053 ingenio
791 2969 822 3035 dr
839 2966 995 3034 doslrinae
1013 2970 1115 3056 deest,

189 3092 300 3158 labore
330 3083 477 3153 &animi
501 3085 696 3150 contentione
720 3067 765 3149 ita
788 3081 1004 3166 pausaturum,
1040 3105 1119 3156 nun.

196 3221 291 3289 quam
309 3214 346 3266 ut
359 3199 428 3263 Vos
447 3198 545 3265 Vestri
562 3199 599 3263 de
614 3216 662 3263 me
676 3197 788 3282 iudicii
801 3196 967 3280 poenitent.

236 3316 451 3394 Vos'autem,
474 3312 635 3379 Clarissimi
652 3312 790 3378 omnium
807 3310 1033 3394 disciplinarum
1044 3314 1120 3384 Pro·

196 3429 348 3509 sessores,
376 3427 436 3494 viri
451 3428 536 3493 omni
553 3425 644 3493 laude
659 3427 830 3506 cumulati,
854 3445 918 3492 non
933 3430 1038 3496 miritis
1055 3452 1122 3501 ver·

198 3545 250 3620 bis
264 3540 393 3626 rogandi
405 3541 496 3624 estis,
513 3557 549 3608 ut
568 3561 637 3621 me,
657 3560 749 3623 quern
768 3540 885 3607 dudum
903 3558 971 3609 ante
990 3547 1124 3615 amicitia

200 3656 303 3735 vestra
330 3672 392 3722 non
415 3654 576 3740 indignum
601 3653 810 3736 existimastis,
841 3657 947 3724 libenti
972 3662 1073 3728 animo
1093 3665 1125 3727 in

202 3767 419 3856 amplissinun
437 3769 573 3835 ordinem
583 3766 727 3836 Vestrum
744 3769 909 3852 recipiatis.
941 3773 1046 3839 Morte
1060 3774 1128 3837 Vo-

197 3888 248 3964 bia
261 3865 386 3972 ereptus
400 3882 443 3950 est
451 3883 571 3968 collega
578 3880 860 3971 conjuneiissimus,
871 3883 1129 3969 Oudendorpius,

733 3995 790 4085 la
1067 4015 1133 4090 qun
