2580 5146
193 368 407 441 TIBERII
449 372 881 449 HEMSTERHUSII.
975 397 996 464 ς

68 557 302 626 observantibus
332 557 525 644 deligendum
552 559 611 643 stt,
642 557 747 626 eadem
775 562 924 629 celeritate
941 561 990 630 vi·
1073 595 1078 605 ·

68 673 124 739 det
148 692 185 739 ac
210 672 354 740 decernit.
397 676 483 759 Ergo
500 675 607 740 critica
623 674 671 740 vis
689 673 819 740 maxime
832 675 987 760 iudicatur

65 789 178 854 mentis
201 790 372 870 celeritate,
404 808 496 872 quarn
525 788 638 856 Graeci
659 793 821 872 dyaclinae
853 787 989 861 &edra-

62 906 162 988 pdaa,
191 903 298 970 Latini
315 902 556 990 sagacitatem,
578 902 785 984 sollertiam,
807 903 990 989 inganiifen

64 1017 224 1084 deitatem
249 1030 377 1085 uocant.
429 1017 516 1083 Haec
530 1032 632 1083 autem
648 1016 795 1102 sagacitas
810 1015 918 1082 nonin
931 1017 991 1082 ho·

62 1131 153 1198 ruinis
175 1133 324 1217 potestate
350 1129 415 1214 est,
444 1151 507 1198 nou
531 1129 655 1213 studio,
687 1131 813 1213 labore,
841 1133 989 1200 exercita.

60 1242 146 1314 tione
171 1261 389 1330 comparatur,
420 1243 470 1310 sed
486 1265 587 1313 rarum
605 1245 636 1313 dt
652 1244 801 1330 singulare
816 1264 930 1314 munus
942 1245 987 1313 est

59 1360 155 1426 unius
188 1377 315 1429 naturae
343 1359 503 1443 fautricis3
532 1361 665 1446 licetque
687 1361 787 1445 adeo,
815 1360 902 1445 quod
922 1362 988 1428 De·

59 1473 210 1541 mocritus
244 1473 282 1538 rie
310 1473 409 1541 Poita
434 1472 533 1557 dixit,
562 1475 601 1541 ad
626 1475 780 1543 Criticum
802 1475 979 1544 transferre:

60 1589 203 1656 Criticus
229 1609 292 1654 noa
303 1585 367 1670 fit,
384 1587 447 1670 scd
461 1587 621 1670 nascitur.
666 1589 739 1657 Tali
759 1591 882 1675 ingenio
896 1611 984 1677 prae·

59 1701 115 1768 diti
143 1722 216 1771 cum
243 1720 366 1786 perraro
392 1703 589 1788 exoriantur,
621 1723 685 1771 non
710 1705 821 1772 mirum
839 1704 895 1788 stt,
918 1725 985 1772 ma·

59 1835 151 1901 gnam
175 1817 389 1883 excellentium
402 1816 589 1884 Criticorum
605 1833 637 1886 et
654 1836 738 1885 nunc
755 1815 834 1900 effe,
861 1833 892 1884 et
906 1818 984 1885 sem·

59 1949 117 2017 per
139 1931 224 1996 fuisse
248 1930 446 2014 paucitatem.
498 1929 596 2017 Quod
620 1949 694 1997 vero
715 1930 875 2011 diximus,
897 1931 984 2015 inge·

61 2044 150 2111 nium
171 2046 229 2110 hac
248 2048 280 2110 in
294 2063 324 2109 re
342 2046 414 2128 plus
434 2043 555 2123 valere,
578 2036 672 2124 quarn
688 2059 782 2109 artem
799 2061 836 2107 ac
852 2041 987 2126 discipli·

59 2176 156 2242 narn,
181 2159 241 2223 hoc
259 2172 440 2242 argumento
456 2153 588 2239 intelligi
599 2152 715 2238 potest.
758 2154 879 2238 Multi,
900 2156 985 2240 iique

57 2272 283 2360 praeclarissimi
306 2274 386 2354 viri,
416 2290 489 2338 curn
503 2267 674 2337 studiorum
690 2286 819 2352 genere,
842 2269 882 2336 ad
897 2270 986 2354 quud

54 2389 96 2453 ab
121 2387 185 2472 ipsa
210 2403 321 2453 natura
348 2387 590 2468 deducerentur,
620 2383 749 2466 residu,
777 2382 806 2448 se
830 2383 870 2449 ad
889 2384 989 2452 Criti-

54 2521 122 2569 cam
145 2500 364 2582 contulissent,
392 2499 564 2567 eruditione
591 2496 672 2580 srbi,
704 2495 789 2580 quod
806 2513 983 2566 naturane·

54 2631 160 2700 garet,
191 2636 295 2700 parare
313 2614 417 2681 conati
431 2613 522 2694 sunt,
543 2612 716 2698 ingeniique
732 2612 906 2698 vicarium,
929 2635 979 2682 ar·

54 2731 184 2797 tiiicium
213 2729 371 2813 quoddam
398 2727 610 2795 assumserunt.
663 2726 806 2813 Quorum
824 2746 980 2812 conatus,

52 2847 118 2912 noli
149 2863 312 2928 quaerere,
355 2863 449 2928 quam
480 2841 641 2908 infeliciter
673 2840 803 2908 cesserit.
855 2843 982 2928 Quanta

53 2959 258 3042 eruditionis,
281 2957 319 3023 de
337 2957 467 3026 Graecia
484 2955 625 3023 sontibus
645 2954 778 3038 duliae,
801 2955 892 3038 copia
913 2955 982 3022 fue.

51 3073 94 3139 rit
118 3071 149 3138 iu
170 3074 223 3157 Jo.
248 3071 387 3139 Meursto
416 3071 448 3139 dt
473 3070 535 3140 ΕΖ.
552 3068 761 3154 spanhenio,
783 3087 875 3134 nemo
892 3069 983 3153 igno·

51 3201 123 3266 rat,
154 3184 209 3250 nist
236 3185 293 3267 qui
317 3185 410 3268 ipsam
435 3185 649 3269 antiquitatem
676 3182 829 3249 Graecam
848 3185 979 3269 ignoret.

48 3298 163 3366 Atilii
191 3296 271 3381 ipsi,
300 3318 372 3365 eunt
395 3300 458 3366 vim
484 3299 583 3366 iacere
610 3309 758 3378 naturae,
782 3295 980 3367 &criticam

51 3431 189 3479 exercere
217 3410 405 3496 instituunt,
435 3433 529 3496 quam
553 3413 623 3480 sunt
648 3410 801 3478 dissimiles
818 3412 883 3480 sui!
907 3416 982 3482 Duo

50 3525 296 3614 praestantissimi
321 3527 402 3610 viri,
432 3528 478 3599 N.
503 3527 648 3594 Heinsius
667 3525 746 3596 &R
764 3527 981 3611 Burmannus,

48 3661 142 3709 omne
182 3640 318 3711 studium
344 3642 490 3710 suumin
515 3641 622 3709 Poetis
645 3641 767 3707 Latinis
792 3643 983 3726 expoliendis

41 3757 279 3828 consumserunt
338 3756 405 3844 pari
427 3771 557 3844 uterque
577 3755 773 3839 eruditione,
803 3756 854 3824 sed
870 3757 985 3841 dispari

600 3871 673 3955 As
914 3887 988 3934 acu·
