2580 5146
268 338 352 413 DE
412 331 746 412 GRAECIA
809 344 872 412 dcc.
997 364 1045 435 pp

122 549 204 615 quae
217 528 343 614 optimis
359 525 478 591 artibus
487 525 697 609 excogitandis
706 528 867 609 alerentur,
878 529 1044 612 aliquando

122 660 267 726 torpuere
287 639 423 707 obturat
453 639 608 723 Equidem
625 659 724 723 neque
744 643 886 721 laudent,
908 644 1044 711 barbaria

121 759 267 842 gentibus
293 757 331 822 ab
358 752 431 836 ipsrs
446 754 575 820 Graecis
596 754 703 837 sponte
719 774 754 821 ac
772 756 933 822 liberaliter
949 758 1047 823 tribu·

119 887 210 953 tam,
238 872 269 936 in
295 868 426 934 dnbiurn
445 888 576 950 vocern;
598 889 656 934 nec
672 869 753 952 illls,
778 871 831 951 qui
848 886 896 935 tot
911 872 1046 954 propelle

118 985 213 1052 bouis
242 982 423 1063 abundent,
461 982 600 1064 affingarn
629 983 738 1048 aliena.
792 984 954 1050 llauserint
976 984 1047 1050 inde

120 1100 236 1167 Graeci
261 1099 362 1181 prirna
384 1096 493 1163 harum
519 1096 628 1162 artium
654 1100 821 1182 elementa3
855 1116 1044 1182 quaequam

115 1214 232 1295 rudia,
263 1212 370 1278 tenuia
391 1225 486 1293 atque
507 1211 665 1277 incondita
688 1213 820 1294 suerint,
844 1232 907 1279 non
923 1214 1045 1280 aliunde

116 1328 255 1408 cestius,
286 1344 380 1409 quam
404 1344 442 1392 ex
469 1345 530 1406 eo,
554 1326 640 1407 quod
657 1327 816 1392 Diodorus
833 1329 959 1395 Siculus
975 1349 1046 1394 nar·

116 1459 187 1522 rat,
208 1439 337 1517 intelligi
352 1433 464 1523 potest.
509 1438 610 1522 Negat
625 1441 703 1505 eninr
722 1440 851 1524 scriptor
864 1443 1042 1510 elariffinrna

120 1554 299 1623 Chaldaeos
324 1552 419 1634 illos,
452 1553 567 1636 quibus
591 1567 710 1619 tantum
737 1558 767 1621 in
785 1557 845 1622 lroe
863 1562 1043 1639 generens-

116 1670 248 1749 buitur,
270 1666 343 1741 solia
358 1667 526 1750 deliquium
542 1668 711 1749 praedicere
730 1668 760 1735 dt
776 1669 814 1734 ad
829 1688 946 1735 certum
964 1689 1042 1738 tent·

115 1803 183 1868 pus
207 1800 350 1848 revocare
372 1784 462 1847 ausos
486 1780 586 1850 fuisl'e.
630 1782 792 1865 Egregium
809 1783 876 1849 sane
892 1784 1042 1851 Allrono·

121 1897 205 1965 miae
226 1896 375 1963 scientiam
399 1895 430 1961 dt
451 1894 534 1962 sarna
550 1911 613 1960 tam
631 1895 735 1961 illullri
751 1898 783 1961 dr
797 1913 960 1980 pervagata
976 1899 1044 1983 dig·

120 2010 389 2092 namtoraecir,
410 2010 564 2090 Graecis,
588 2011 735 2090 inquam,
757 2010 938 2076 nominatim
958 2012 1045 2079 Tha·

117 2126 178 2195 leti
194 2124 336 2208 Milesio,
366 2126 417 2190 illa
434 2126 531 2209 gloria
550 2123 666 2190 seruata
683 2122 766 2204 fuit,
779 2120 826 2189 'ut
842 2124 931 2207 priori
948 2127 1044 2210 eclip-

118 2243 171 2310 ses
207 2240 429 2324 suppeterent,
470 2238 665 2322 stupentique
695 2240 791 2322 vulgo
822 2239 1041 2324 praedicerentr

113 2356 235 2423 Verum
274 2372 551 2450 quantumcunque
585 2353 707 2419 tandem
739 2353 796 2436 sti,
826 2355 912 2439 quod
937 2357 1045 2425 barba·

114 2491 224 2539 torum
258 2470 381 2554 ingenio
401 2470 577 2550 debeatur,
606 2469 719 2536 Graeci
743 2485 822 2536 eerte
842 2470 885 2536 ita
912 2471 988 2538 illud
1005 2473 1044 2541 'dt

118 2584 350 2670 amplificarunt
367 2584 398 2650 dt
415 2593 622 2664 exornarunt,
639 2598 673 2650 ut
691 2584 745 2668 ipsr
760 2586 883 2654 demunt
898 2591 960 2655 veri
971 2590 1045 2656 Ma·

115 2702 352 2769 themarirarum
373 2698 600 2781 disciplinarum
618 2698 789 2766 inventores
805 2701 866 2769 dici
876 2702 1043 2785 haberique

115 2816 247 2902 posint.
306 2815 355 2881 De
383 2812 587 2879 Arithmetica
617 2813 739 2896 quidem
773 2833 866 2895 quarn
891 2818 1044 2896 praeclare

119 2931 222 2997 meriti
244 2929 323 3010 stnt,
345 2927 421 3010 quid
438 2929 544 2992 multis
563 2928 824 3016 commentorem?
848 2946 981 3009 quorum
997 2929 1045 2995 in·

119 3044 235 3111 dustria
259 3062 322 3109 uon
345 3042 480 3126 vulgaris
505 3056 647 3122 tanturn,
678 3040 728 3108 sed
752 3041 904 3122 analytica
927 3044 1043 3128 etiarn,

120 3178 215 3245 quarn
233 3156 325 3223 hodie
344 3157 507 3240 Algebram
527 3156 688 3237 vocitant,
718 3155 809 3221 nobie
824 3154 868 3221 est
885 3176 1046 3239 compara·

20 3278 23 3282 ’
122 3290 170 3342 ta.
221 3274 326 3355 Atque
351 3271 402 3335 hic
419 3271 603 3335 inveteratus
617 3289 715 3355 prope
735 3289 818 3336 error
831 3290 868 3337 ex
884 3273 1045 3343 hominum

123 3388 233 3455 animis
253 3385 429 3459 evellendus
443 3384 506 3468 est,
529 3405 594 3467 quo
603 3386 721 3451 Arabes
737 3385 851 3451 nobilis
871 3387 1045 3470 hujussub‹

120 3482 247 3582 tiliaque
265 3500 337 3565 artis
362 3499 476 3565 satores
504 3518 540 3564 ac
566 3518 705 3582 parentes
733 3500 847 3567 ferunt.
901 3504 996 3592 Quod
1018 3506 1042 3574 st

123 3615 228 3680 omnia
241 3612 400 3680 uetustatis
415 3628 634 3695 monumenta,
667 3616 782 3694 quibus
802 3620 1046 3698 pulcherrimum

123 3731 283 3797 inventum
291 3729 422 3797 Graecia
443 3728 592 3795 vindicari
608 3727 717 3813 pellit,
735 3728 819 3797 fatali
836 3734 1049 3803 illallbrorunr

976 3846 1052 3912 lira-
