2580 5146
340 360 606 442 nocuoRu
649 367 975 451 urrunnnrco,
1061 397 1121 465 ιο,
1192 432 1196 439 .

190 559 263 627 qne
278 538 317 607 ad
330 538 523 625 festivitatem
541 537 715 621 compositu¹
729 539 925 624 significarim
944 560 1058 617 recreat
1073 548 1122 615 in·

192 657 309 743 primis
329 669 420 739 atque
443 652 607 719 confirmat
620 652 827 721 honorificum
842 655 1123 738 sapientissimmum

189 769 383 851 Academiae
395 766 634 836 Moderatorum
649 767 688 832 de
703 787 751 833 rne
763 769 939 853 judicium,
954 772 1006 839 eui
1021 792 1060 838 eo
1068 774 1126 840 mi·
1153 839 1158 850 ,

193 904 264 955 uus
285 878 419 951 diffidere
434 878 570 967 pannii,
592 899 658 965 quo
674 883 798 968 longius
812 883 844 950 de
858 876 985 954 humilis
1003 888 1126 972 prenia·

192 1000 244 1066 tio
268 996 390 1080 abfuit,
415 995 579 1089 debianda
596 1016 757 1064 munerum
779 999 990 1085 conciliatrix,
1013 1001 1122 1085 gratia.

191 1113 340 1198 Etenim,
363 1130 444 1209 quae
460 1109 619 1196 fingularia
637 1111 826 1187 summorum
841 1116 977 1181 virorum
994 1115 1038 1183 est
1050 1136 1124 1202 pru·

194 1227 322 1311 denaia,
352 1245 418 1297 non
432 1240 543 1293 temere
561 1244 609 1291 me
625 1225 656 1292 in
673 1227 759 1292 hunc
773 1228 911 1295 altiorem
930 1232 1035 1296 locum
1050 1248 1125 1315 pro·

195 1356 367 1427 uexerunt,
395 1339 447 1408 sed
467 1340 657 1407 Graecarum
675 1341 828 1407 literarum
852 1343 1121 1429 praelegendarum

194 1455 360 1543 provincia
378 1454 456 1522 mihi
476 1453 707 1536 demandanda,
742 1473 796 1540 per
820 1457 1055 1541 quadriennium
1074 1460 1121 1529 vi·.

194 1571 279 1651 rium
301 1588 438 1639 mearum
462 1569 636 1654 periculum
657 1568 808 1642 fecerunt.
858 1572 895 1638 ln
910 1592 972 1655 qua
986 1573 1120 1640 admini-

195 1683 317 1767 stranda
331 1704 404 1752 eum
419 1702 471 1751 nro
481 1686 574 1769 talerq
591 1683 755 1769 geffiffem,
778 1688 901 1770 qualem
919 1686 1049 1754 maxime
1063 1707 1124 1754 voa

195 1800 345 1885 luerunt,
364 1798 495 1868 idoneus
508 1799 630 1868 illorum
644 1798 765 1885 judicio
782 1800 865 1867 visus
879 1800 967 1884 sum,
989 1801 1042 1867 eui
1061 1820 1123 1885 pu·

195 1910 312 1999 blicam
320 1911 520 1984 Historiarum
538 1913 757 1992 &Latinarum
764 1912 918 1980 literarum
929 1913 1122 1997 disciplinam

199 2015 385 2111 delegarent.
426 2029 497 2095 Nee
511 2027 695 2113 ignorabant
712 2025 773 2109 illi,
795 2026 987 2093 Graecarum
997 2025 1125 2093 Latina·

196 2160 330 2223 rumque
344 2142 497 2209 literarum
514 2142 648 2217 studium
664 2158 764 2226 nuper
777 2139 828 2223 se,
851 2141 1047 2235 quorundam
1064 2141 1123 2207 hn-

197 2256 316 2324 minum
342 2256 514 2343 inettiffima
534 2255 682 2342 segnitie,
709 2253 849 2339 seidiffe,
872 2270 930 2338 ur,
950 2273 1030 2339 quae
1046 2255 1122 2325 olim

194 2389 276 2449 unae
286 2371 494 2455 eaedemque,
516 2391 602 2438 nune
618 2370 697 2436 duae
709 2359 806 2455 prope'
821 2368 954 2437 diversae
967 2386 1046 2438 artes
1061 2370 1123 2438 effe

195 2485 371 2565 videantur.
415 2485 477 2552 Sed
494 2506 567 2553 eum
581 2485 672 2552 iidem
691 2488 842 2569 praeclare
857 2484 1120 2570 didiciiienr,lras

199 2599 300 2666 literae
327 2600 392 2687 ipsa
408 2617 518 2668 natura
531 2601 563 2669 dr
577 2618 683 2685 genere
695 2600 739 2665 ira
755 2600 914 2686 colligatas
932 2600 1121 2686 implicatas·

199 2733 260 2799 que
275 2714 535 2801 teneri‚ejusdem
554 2731 589 2783 ut
606 2714 642 2782 srt
657 2714 845 2796 dementiae,
856 2715 984 2781 Latinas
999 2713 1122 2782 acmes

199 2830 247 2914 eia
261 2829 423 2912 divellere,
434 2830 466 2896 d*
477 2829 582 2905 navim
598 2848 796 2906 communem
814 2845 887 2893 eum
902 2828 987 2893 socio
1004 2825 1123 2891 divide·

198 2964 255 3026 re,
284 2943 429 3032 r’er‘dssme
449 2942 639 3028 statuerunt,
667 2958 756 3019 tanto
786 2958 941 3024 quemque
967 2939 1122 3006 meliorem

198 3057 259 3124 eiie
281 3059 462 3126 Latinarum
484 3059 637 3127 literarum
662 3055 861 3145 magistrum,
883 3066 1001 3137 quanto
1018 3053 1125 3121 melio·

198 3190 263 3254 rem
292 3173 509 3256 Graecarum,
548 3173 693 3244 &tanto
722 3169 877 3240 meliorem
910 3167 1126 3255 Graecarum,

202 3304 320 3372 quanto
335 3289 490 3355 meliorem
502 3288 698 3359 Latinarum.
780 3310 789 3323 ’

240 3402 309 3486 Jam
338 3406 562 3488 praeterveeiua
595 3402 780 3486 scopulum,
816 3399 848 3468 in
873 3417 942 3484 qun.
961 3416 1000 3466 ne
1020 3399 1125 3484 pudor

201 3534 291 3583 meua
311 3518 497 3611 offenderet,
519 3519 665 3600 verebar,
686 3517 828 3584 liberiore
841 3514 1002 3601 magisque
1018 3515 1122 3584 soluto

202 3630 306 3712 animo
332 3633 369 3699 ad
401 3633 523 3701 dicendi
546 3647 762 3718 argumentum
780 3630 916 3713 accedo,
946 3628 1055 3714 quod,
1085 3643 1124 3694 ut

195 3744 307 3838 spese,
335 3741 460 3824 bouum
475 3766 568 3818 emen
588 3745 664 3815 nori
688 3746 815 3819 honoria
840 3744 982 3830 auspiciis
1006 3742 1122 3819 saciet,

1055 3849 1129 3919 erit*
