2580 5146
158 384 352 457 numetis
373 383 437 454 ιτ
458 385 707 458 msrcnmns
729 388 923 461 navium.
947 416 1010 482 ua

80 572 181 657 phista
191 575 208 656 ,’
226 571 280 654 qui
296 570 501 657 Hippocratis
520 592 632 638 nomen
647 571 793 640 mentitus
809 575 874 660 est,
896 578 1006 644 navem

77 687 293 771 Asclepiadem
315 689 468 770 appellat,
498 705 562 753 non
587 688 625 754 ab
642 686 774 770 insigni,
795 687 847 754 sed
866 691 954 773 quod
969 711 1005 758 ea

79 802 190 868 venus
204 799 248 866 est
267 800 492 885 Hippocrates,
515 802 555 868 ab
571 800 756 884 Aesculapio
771 802 943 887 oriundus,
966 805 1006 871 ad

78 914 246 981 sanandum
256 915 492 997 Democritum,
514 913 594 982 forte
611 914 771 999 respiciens
788 934 919 1002 navem,
942 937 1004 1002 quc

78 1029 284 1115 Aesculapius
301 1029 463 1116 Epidauro
480 1029 614 1097 Romam
629 1031 795 1097 translatus
811 1028 866 1102 eli.

499 1257 599 1333 ΙΙΙ,

125 1482 265 1569 Tempus
279 1486 342 1571 iam
363 1486 521 1574 postulat,
542 1501 579 1557 ut
596 1486 785 1572 aliquando,
808 1489 884 1574 quid
899 1493 1006 1560 sentia·

77 1617 151 1670 mus
166 1599 245 1684 ipsi,
266 1619 491 1686 proponamus.
536 1602 609 1670 Hoc
627 1621 721 1687 qurm
739 1600 778 1670 lit
792 1602 936 1690 difficile,
958 1606 1005 1675 fa·

79 1715 232 1781 tebuntur
253 1734 382 1798 omnes,
415 1719 472 1803 qui
496 1717 615 1801 sciant,
637 1733 719 1801 quot
736 1730 805 1782 ante
820 1737 878 1784 nor
897 1723 928 1786 in
943 1723 1004 1788 hoc

79 1847 195 1913 campo
226 1829 437 1898 desudaverint
469 1831 610 1916 ingenia,
640 1845 671 1896 et
691 1828 730 1895 ad
754 1829 889 1898 animum
917 1855 1006 1902 revo-

79 1957 175 2026 cent,
203 1945 318 2010 nullam
342 1947 445 2015 adhuc
464 1948 614 2030 prolatam
635 1942 693 2010 eise
708 1939 903 2024 sententiam,
927 1961 1005 2026 quae

80 2057 122 2124 ab
145 2058 230 2124 omni
253 2074 338 2142 parte
364 2078 436 2126 vero
457 2060 657 2143 consentanea
674 2054 863 2126 inventast.
907 2057 1005 2141 Spero

77 2186 182 2239 tamen
208 2170 373 2256 futurum,
403 2189 438 2240 ut
461 2172 563 2240 nostra
578 2173 806 2258 qualiacunque
823 2171 931 2255 opinio
950 2170 1007 2239 mi·

80 2305 144 2356 nus
175 2285 385 2370 difficultatis,
417 2306 510 2371 quarn
538 2289 690 2372 aliorum,
720 2305 799 2373 quae
821 2286 1006 2374 retulimus,

79 2401 263 2484 sententiae,
285 2401 396 2467 habere
413 2402 581 2470 censeatur.
975 2487 981 2495 ¹

121 2517 160 2584 ln
180 2516 240 2583 hac
269 2530 372 2583 autem
394 2517 618 2599 parasemorum
637 2521 864 2602 tutelarumque
882 2516 1006 2585 materia

80 2632 161 2699 rede
177 2646 208 2696 et
222 2629 329 2698 ordine
343 2631 547 2715 explicanda,
570 2633 754 2703 diversarum
770 2634 908 2718 gentium
927 2632 1005 2699 ratio

84 2744 305 2812 accuratissime
325 2743 470 2829 distingui
494 2745 597 2812 debet.
650 2748 760 2829 Longe
774 2748 856 2813 enim
873 2743 1012 2812 alia'fuit'

83 2857 276 2927 consuetudo
292 2859 509 2942 Graecorum,
532 2860 590 2925 alia
607 2839 835 2924 Romanorum.

124 2973 353 3056 Phoenicibus,
376 2975 432 3057 qui
455 2973 545 3057 primi
560 2992 642 3039 maro
659 2986 837 3051 tentarunt,
859 2968 905 3033 soi
922 2966 1007 3033 sucre
1032 2988 1034 2992 ⁷

80 3088 224 3172 Pataeci,
254 3102 290 3154 ut
315 3090 347 3172 s.
375 3108 406 3156 r.
429 3087 577 3156 vidimus.
623 3087 674 3154 nb
695 3085 764 3166 his,
789 3083 898 3151 utalia
920 3100 1009 3149 com·

80 3204 193 3288 plura,
228 3201 270 3269 sle
291 3218 322 3268 et
344 3203 509 3288 navigandi
526 3219 619 3270 anem
635 3200 778 3270 credibile
796 3195 893 3265 estad
910 3196 1009 3263 Grac·

82 3335 192 3382 corum
219 3315 445 3400 antiquiffimos
461 3316 605 3385 manasse.
648 3316 815 3394 Vidimus,
837 3312 1009 3393 Pataecos,

82 3431 158 3498 licet
172 3432 281 3513 Deos,
302 3447 404 3499 tamen
421 3433 453 3500 in
468 3432 566 3517 proris
580 3431 706 3498 navium
722 3427 809 3496 suisse
822 3429 1008 3525 collocator:

81 3545 118 3611 id
135 3545 221 3628 quod
230 3546 344 3614 Graeci
362 3547 432 3615 sunt
448 3546 570 3614 imitati.
604 3543 769 3627 Euripides
786 3546 823 3608 in
840 3544 1012 3631 Iphigenia

76 3663 118 3734 sn
133 3658 272 3747 Aulide,
291 3658 484 3730 Graecorum
501 3659 621 3729 classem
636 3657 807 3726 describens
828 3659 875 3741 ns.
897 3680 972 3743 239.

620 3880 695 3976 Tg
938 3904 1018 3967 κρυ·
