2580 5146
215 338 457 427 onnon
508 341 877 419 rnncrorn
946 364 1009 440 ¹95

72 519 255 602 Honorium
281 529 337 598 fibi
362 528 590 613 transigendum
615 530 717 598 duxit.
761 534 806 602 At
820 535 893 617 ille,
916 536 1005 618 quo'd

75 652 177 716 dicere
194 649 255 715 sere
269 648 386 732 pudet,
410 662 530 713 tantum
546 646 601 713 irbi
615 649 648 714 itt
665 649 816 717 Placidiae
835 669 938 718 amore
956 655 1004 721 in·

76 763 193 844 dnlstt,
212 780 247 830 ut
262 763 415 828 ardentius
431 764 513 828 illam
530 761 808 848 frequentiusque,
827 786 863 832 ac
880 766 1005 837 fratrent

76 880 226 960 decebat,
249 879 439 959 osculando,
461 877 577 961 perdite
596 882 702 946 multis
720 897 819 947 amare
835 884 1001 959 videretur.

75 999 140 1063 Sed
166 997 244 1062 idem
269 996 319 1060 ilie
336 1011 442 1072 antor,
467 1011 656 1074 quamquam
674 1009 737 1059 etat
757 997 856 1060 multo
874 996 1003 1080 flagrem

71 1108 228 1192 tissimus,
257 1123 359 1173 tamen
386 1105 492 1186 brevi,
525 1121 558 1170 ut
584 1104 639 1187 fit,
670 1106 702 1174 in
727 1108 883 1176 summum
911 1100 1006 1190 euasit

60 1224 198 1318 lodium.
251 1224 336 1289 Nem
361 1221 524 1307 Spaduse,
556 1237 648 1306 atque
673 1223 823 1308 Elpidia,
853 1226 1006 1293 Placidiae

74 1345 203 1425 nutrix,
234 1344 313 1424 quae
337 1339 505 1424 plurimum
530 1352 598 1403 tum
628 1339 724 1423 gratia
739 1355 882 1424 poterat,
903 1343 1008 1410 Leon·

77 1479 160 1544 teo,
192 1461 349 1546 Augustae
371 1476 549 1539 curatore,
586 1460 801 1530 auetoritatent
825 1463 1010 1551 adjungente

77 1577 189 1660 suant,
207 1593 310 1642 tanton
329 1573 498 1642 discordiae
514 1589 618 1641 motus
634 1575 800 1645 Ravennae
816 1583 1009 1649 excitaruntu

79 1711 118 1762 ut
135 1717 181 1761 res
197 1697 329 1780 primum
347 1695 386 1760 ad
406 1693 605 1778 seditionem,
628 1695 736 1762 deinde
755 1698 794 1763 ad
812 1702 875 1766 vinr
895 1702 1011 1785 speeta-

83 1820 117 1876 te
131 1811 295 1877 videretur·
336 1810 438 1878 Gothi
454 1826 556 1893 certe,
580 1811 634 1895 qui
652 1786 719 1878 tum
737 1813 840 1880 adhuc
856 1814 1010 1882 Placidiae

86 1927 177 1994 causa
193 1927 295 1993 omnia
309 1927 473 2008 volebant,
497 1941 533 1993 ut
557 1944 641 1993 erunt
657 1928 785 2012 ingeniis
802 1930 1009 2010 turbulentis,

87 2066 161 2112 curn
185 2044 334 2112 Romanis
358 2043 520 2111 identidem
539 2045 608 2110 sunt
626 2022 786 2127 digladiati
804 2046 894 2126 (α)
939 2045 1010 2112 Nec

84 2162 215 2251 desunt,
246 2161 358 2246 quibus
384 2177 451 2228 tunt
475 2159 611 2225 Placidia
625 2157 739 2225 dicitur
755 2173 786 2225 et
802 2156 925 2225 infidias
942 2159 1011 2225 Ho·

83 2278 174 2343 notio
196 2276 347 2343 tetendisse
372 2293 402 2343 et
419 2276 618 2343 barbarorum
637 2273 768 2356 copias,
792 2286 940 2356 tanquam
958 2273 1010 2340 su·

83 2398 167 2460 tutas
192 2390 248 2457 fibi
275 2390 501 2469 auxiliatrices,
525 2386 685 2455 advocasse
701 2388 785 2473 (b).
832 2389 916 2457 Cum
937 2407 1010 2455 vero

83 2511 245 2577 Honorius
270 2508 405 2592 superior
432 2506 554 2587 satius,
587 2505 793 2588 principatum
824 2505 912 2572 suum
929 2507 1015 2586 obti,

83 2643 187 2710 neret,
216 2626 385 2693 Placidiam
410 2623 629 2711 Asclepiodoto
658 2637 689 2689 et
715 2626 916 2692 Mariniano
930 2618 1010 2710 Coff.

902 2740 948 2808 A.
969 2739 1008 2806 C.

123 2909 199 2999 (a)
218 2920 441 2998 olympiodorus
460 2930 490 2984 tn
504 2925 615 3002 Eciogts
630 2908 821 2997 lleiioriarunn
835 2931 869 2995 p.
881 2933 947 2994 152.
966 2917 1011 2980 ede

83 3012 184 3088 Venet.

101 3122 103 3127 ’
126 3129 196 3210 (b)
218 3132 339 3206 Prosper
347 3132 503 3205 Aquitanus
518 3140 548 3192 tn
559 3133 694 3194 Chronico
703 3130 762 3188 Ant
772 3126 895 3186 Honoris¹
903 3126 1010 3189 XXXIe

84 3236 235 3306 Placidia,
260 3235 369 3308 inquit,-
397 3256 459 3295 eum
485 3238 596 3316 infidias
617 3238 719 3309 fratri
737 3231 887 3301 tenderet,
916 3230 1011 3306 depre-

84 3336 173 3410 hensa
188 3336 244 3412 est,
266 3337 574 3420 &Constantinopolim
592 3344 677 3402 exilio
694 3338 836 3412 delegatae
856 3335 1012 3398 Cnssiodota

85 3445 117 3499 tn
145 3439 279 3502 Chronico
306 3446 496 3523 Asclepiodoto
523 3445 554 3509 dt
578 3449 749 3506 Mariniane
777 3440 841 3519 Coffi
869 3441 922 3501 His
949 3440 1014 3520 Cnffi

87 3543 197 3615 inquit,
220 3549 349 3610 Placidia
376 3554 453 3627 Aug.
480 3573 500 3611 a
519 3553 624 3629 fratre
646 3547 770 3612 Honorio
788 3548 821 3606 ob
833 3545 1016 3625 suspicionem

90 3650 282 3711 lenitatemue
305 3654 438 3728 hostium,
468 3676 529 3715 cum
543 3657 675 3716 Honorio
694 3654 729 3721 ἐξ
747 3655 967 3726 Valentiniano,
976 3641 1013 3726 fi*

87 3752 158 3826 tete,
177 3752 377 3821 adorientem
394 3765 537 3822 mittitur.
577 3759 801 3836 Olympiodoro·
816 3759 838 3816 i.
852 3776 876 3820 e·

538 3862 572 3930 N
595 3884 615 3932 a
