2580 5146
374 332 470 409 na
533 337 920 410 nouorum·
1037 357 1103 439 339.

170 524 240 596 tius
263 523 431 609 fragmenta
454 523 626 604 librorum,
654 544 692 592 ex
717 522 832 606 quibus
854 526 1009 612 judicium
1035 529 1100 597 lieri

87 686 93 693 -
173 641 286 726 pout,
309 641 341 706 in
355 639 508 705 manibus.
553 637 707 719 Equidem
723 639 800 707 nibil
818 643 915 726 magis
932 642 963 709 in
976 644 1097 728 Longi·

174 775 218 822 uo
245 755 357 834 miror,
380 772 472 833 quam
489 750 565 816 tanti
580 752 671 818 animi
685 751 858 836 ingeniique
875 757 975 823 virum
993 757 1098 825 seculo

173 870 286 950 terrio,
316 868 457 933 servitute
480 864 642 948 oppressu,
673 881 704 933 et
726 887 820 950 paene
847 870 998 951 barbaro,
1032 891 1098 953 quo

175 1001 283 1048 omnes
299 980 439 1046 fortunae
457 978 526 1044 suae
542 978 648 1044 similia
663 997 693 1046 et
706 980 859 1050 faciebant
876 1000 906 1050 et
924 987 1097 1066 loqueban-

177 1112 252 1177 tur,
274 1091 413 1159 extitisse.
459 1093 573 1159 Verum
600 1113 672 1160 cum
692 1094 848 1181 seculum,
872 1117 937 1180 quo
954 1099 1099 1181 vivebat,

176 1208 296 1276 instram
315 1206 426 1289 ingenii
443 1208 506 1272 vim
522 1225 691 1290 premeret,
715 1211 812 1293 ipsum
828 1211 930 1278 fecisse
943 1213 1097 1296 arbitror,

179 1323 268 1407 quod
301 1323 368 1387 aliis
401 1338 509 1387 natura
533 1322 718 1389 tardioribus
742 1324 918 1392 faciendum
944 1327 1099 1411 praecepit

175 1452 222 1508 11.
242 1451 284 1506 t.
315 1438 385 1503 sedi.
403 1457 437 1522 9.
467 1441 494 1504 ei
510 1439 560 1505 teeti
580 1439 702 1520 δωρητὲν
715 1442 749 1508 rd
764 1445 962 1530 μεγαλοφυὲς
981 1449 1100 1523 μᾶλλον

177 1556 195 1630 ἦ
216 1556 346 1629 κτητὸν,
368 1552 470 1632 ὅμως,
492 1555 557 1619 uet’
573 1550 637 1620 deor
651 1550 763 1634 ridere,
783 1561 840 1629 τὰς
855 1561 962 1640 ψυχὰς
976 1559 1101 1642 everel-

174 1675 243 1752 Φειν
259 1670 328 1748 πρὸς
340 1669 378 1734 rei
394 1668 528 1748 μεγέθη,
550 1666 602 1733 arai
621 1667 787 1747 ἐγκύμονκς
803 1669 851 1737 rici
868 1681 958 1737 ποιεῖν
966 1661 1103 1748 pervasere

175 1785 409 1863 reperiemur.
462 1781 583 1863 Nempe
599 1780 775 1864 veteribus,
798 1782 961 1864 praecipue
975 1785 1103 1853 Platone

177 1912 208 1960 et
234 1893 454 1977 Demosthene,
484 1892 618 1978 legendis
635 1892 769 1958 animum
789 1893 930 1978 adeam,
954 1913 1047 1978 quam
1068 1897 1102 1963 in

176 2008 319 2075 maximis
350 2008 484 2075 minimis
518 2007 722 2091 admiramur,
759 2007 869 2075 extulit
892 2008 1099 2077 ebitudinem.

173 2123 227 2190 Ab
245 2120 352 2188 eodem
364 2123 442 2189 celso
458 2124 600 2204 elatoque
613 2123 715 2189 animo
729 2122 898 2206 profestum
915 2124 959 2190 est
974 2142 1046 2189 cum
1063 2122 1102 2189 li·

173 2237 299 2303 bertarit
316 2238 416 2305 civilis
434 2236 586 2318 studium,
609 2238 700 2320 cujus
718 2238 797 2304 clara
816 2236 941 2322 vestigia
955 2235 1103 2321 impressit

178 2352 285 2416 divino
307 2352 349 2416 illi
371 2352 494 2435 epilogo
508 2352 577 2418 libri
593 2364 623 2422 Π
636 2364 698 2421 .Τ.
723 2353 948 2441 tumalteriue,
972 2371 1050 2436 quae
1068 2352 1103 2438 iu

176 2467 321 2533 sententia
344 2467 436 2532 libere
460 2465 608 2549 dicenda,
623 2536 625 2541 p
639 2483 669 2532 et
687 2469 717 2533 in
736 2469 864 2535 aliorum
882 2468 1037 2535 erroribus
1051 2486 1105 2545 ce·

177 2581 322 2666 stigandis
337 2584 482 2649 cernitur.
527 2582 577 2648 Ex
591 2602 656 2664 quo
676 2602 692 2648 a
710 2583 883 2667 Porphyrio
898 2584 928 2650 in
944 2583 1017 2649 Vita
1033 2582 1106 2649 Pio-

180 2698 234 2762 tini
257 2717 290 2780 p.
306 2698 378 2762 126.
400 2699 652 2777 inererrxdwrrer
669 2698 804 2777 dicitnr,
827 2716 856 2790 et
871 2701 913 2767 rei
929 2703 986 2780 τῷν
1000 2697 1105 2767 ἄλλων

178 2815 287 2896 σχεδὸν
302 2811 405 2881 rrrirrrr
420 2815 480 2893 τῶν
495 2811 842 2890 καθἰὑτὸνδιελέγξκς.
877 2809 1100 2891 Eloquentiam

181 2925 316 3009 Longini
342 2925 383 2988 ita
406 2926 512 3009 abjicit
533 2942 563 2989 et
579 2925 747 2991 contemnit
763 2924 939 2988 Graeculus
952 2923 1100 3002 ineptus,

123 3094 133 3108 .
181 3041 309 3123 loannes
325 3040 489 3120 Siceliota,
512 3042 602 3124 cujus
620 3041 723 3104 locum
741 3039 829 3119 supra
852 3056 885 3120 p.
898 3037 952 3103 26.
970 3033 1106 3117 adscrip-

181 3155 296 3233 umus,
329 3169 364 3219 ut
384 3172 454 3217 eum
472 3153 547 3219 nibil
563 3153 603 3219 ad
619 3149 797 3234 Dionyfium
816 3147 1105 3216 Halieamessensem

179 3270 209 3335 et
232 3267 393 3334 Aristidem
418 3266 476 3333 esse
494 3267 592 3337 dicat.
636 3268 707 3333 Nos
724 3266 847 3349 quidem
862 3283 927 3330 non
942 3263 1047 3330 sumus
1060 3262 1105 3347 ii,

183 3383 237 3465 qui
252 3383 468 3464 orationibus,
485 3378 739 3465 quasDionysrus
754 3379 895 3446 historiae
906 3376 1105 3462 interposuit,

182 3495 373 3580 eloquentiae
397 3495 517 3562 laudern
541 3486 759 3576 detrahamus,
788 3507 842 3561 aut
866 3480 1105 3561 ue'mouuencm

180 3610 309 3677 feliciter
328 3611 366 3675 ab
377 3609 506 3677 Aristide
523 3608 692 3695 expressum
706 3608 764 3675 esse
779 3627 939 3692 negemus.
983 3605 1108 3676 Verun·
1184 3668 1185 3675 ,

180 3720 443 3812 tamen‘uterque,
466 3725 568 3796 nostra
582 3722 748 3803 sententia,
768 3742 841 3791 cum
856 3721 1003 3812 Longino
1018 3739 1108 3791 eona·

742 3827 773 3903 Y
1057 3846 1113 3918 pu·
