2580 5146
234 343 477 416 nuntii
526 341 896 422 nnnctnttu
971 368 1033 446 1423

109 524 206 591 nitate
229 515 372 596 libellus,
401 511 532 600 augusto
560 512 670 584 GriIre
701 518 820 586 nomini
849 519 1026 608 inscriptus.

110 638 217 722 Cujus
240 627 412 717 praesetio,
434 646 514 712 quae
536 643 649 697 attente
672 631 868 719 cogitateque
891 637 1032 723 legatur,

112 752 207 836 dignu
220 744 296 813 misti
312 744 361 810 uei
375 741 514 827 inprimis
529 743 591 810 visu
607 742 663 813 esi.
707 745 814 832 Nam,
837 749 865 815 ei
887 749 910 817 fi
938 749 1032 819 fidem

111 865 249 945 habeas,
269 857 362 926 Gelir
384 856 416 924 dr
441 857 595 925 literarum
612 863 885 930 commerciacum
901 863 1035 933 familiae

109 974 243 1048 Arsinoe
268 968 463 1058 principibus
486 971 636 1054 instituit,
668 973 701 1041 dr
728 974 939 1062 quaestiones,
962 979 1034 1063 qui.

108 1095 170 1161 bus
194 1087 360 1158 Catholici
380 1085 488 1169 religio
514 1085 691 1155 labefactari
716 1090 914 1176 putabatur,
944 1112 1033 1160 ecce·

106 1208 180 1293 pit,
201 1203 233 1271 dr
258 1199 299 1268 td
328 1199 541 1284 Gregorium,
571 1216 664 1284 quem
695 1204 862 1290 diximus,
891 1207 1035 1275 mosmi-

109 1322 171 1403 fit,
192 1318 268 1403 quin
289 1313 383 1382 etiam
409 1314 448 1380 ab
476 1312 607 1398 wdem,
629 1329 775 1402 tanquam
795 1319 926 1389 Aridum
943 1321 1034 1392 disci·

107 1433 209 1522 phuae
222 1426 356 1513 hietro,
376 1427 513 1497 Librum
530 1428 570 1495 de
583 1424 749 1497 Triturarc
763 1433 923 1520 flagitavit.
952 1437 1034 1506 Gre-

108 1548 216 1637 gorius
233 1561 307 1614 uero
329 1542 457 1626 indigne
481 1542 602 1624 serene,
625 1543 784 1630 Augustae
809 1552 948 1618 mimum
963 1552 1034 1638 opi·

108 1666 238 1732 nionum
257 1653 452 1745 pemotfitate
475 1655 573 1741 magii
599 1675 635 1722 ac
660 1661 760 1745 magio
787 1667 966 1750 corrumpi,
996 1666 1035 1733 ii·

109 1782 244 1856 brom,
260 1791 350 1857 quem
381 1769 585 1855 poposcerat,
614 1772 683 1856 eJ'ur
709 1779 827 1844 nomini
860 1780 1033 1865 inscripsit,

111 1895 148 1961 in
167 1906 267 1974 eoque
283 1885 407 1955 uberiut
429 1882 598 1970 expromit
621 1885 694 1970 iila,
717 1890 834 1971 quihus
849 1890 1033 1958 istasenten·

976 2005 1034 2072 tie·

39 2298 44 2305 -
109 2269 166 2337 pe,
185 2269 256 2332 quoe
267 2250 318 2314 sub
337 2249 429 2313 noun
442 2251 575 2316 ecciesiae
590 2249 752 2313 Catholicae
766 2249 953 2328 penetrtisbm
965 2268 1033 2315 enn-

107 2363 192 2432 trita,
219 2359 299 2418 suum
325 2357 353 2416 iu
377 2357 540 2432 religionem
552 2355 673 2415 animum
691 2354 838 2418 cirriihmir
855 2358 1033 2421 documentis

106 2467 201 2530 voluit
226 2464 281 2525 eise
307 2461 484 2522 teiietiorem.
525 2463 630 2520 Gaiam
647 2468 735 2534 uero,
755 2459 856 2524 haeresi
870 2465 971 2526 Ariane
986 2483 1034 2527 vu·

104 2576 166 2632 iere
189 2568 277 2645 jussa,
300 2565 335 2626 rd
355 2564 520 2626 catholicos
533 2555 681 2637 transiisse,
700 2572 728 2626 et
741 2566 839 2628 initum
856 2587 922 2630 cum
938 2568 1033 2630 Theo·

105 2673 191 2736 dosto
214 2669 436 2741 matrimonium,
455 2680 484 2728 et
500 2670 750 2731 commemorabilis
767 2672 866 2734 Suidae
882 2677 964 2733 iocur
982 2691 1035 2734 vo·
1121 2677 1126 2681 '

108 2794 145 2845 ce
161 2773 360 2837 onumeravit
376 2773 449 2834 htud
467 2774 587 2834 obscure
603 2772 755 2850 fignificare
771 2771 911 2836 videntur.
949 2777 1035 2834 Nem·

107 2896 169 2957 que
192 2880 240 2939 hic
263 2875 417 2937 Theodosii
444 2877 530 2936 verba
555 2877 723 2949 recitentur,
749 2879 853 2951 quibue
872 2873 1037 2939 valentinie-

108 3000 199 3054 num,
217 3000 233 3041 a
250 2994 336 3040 matre
351 2979 551 3055 depravatum,
570 2982 599 3040 in
613 2981 685 3043 viam
699 2981 833 3041 reducere
850 2981 890 3040 esi
906 2993 1036 3042 conetur.

111 3087 140 3146 Si
163 3086 247 3163 igitur
269 3093 370 3145 tanum
391 3101 486 3144 curtm
502 3086 681 3146 Valentiniani
699 3083 815 3158 habuit,
835 3095 984 3161 quintum,
1003 3097 1037 3144 ut
1079 3065 1082 3072 ’

111 3208 232 3251 uxorem
255 3188 290 3249 rd
316 3189 425 3263 frugem
450 3187 635 3263 perduceret,
660 3185 811 3249 adhibuisse
828 3184 963 3264 putabis?
983 3185 1037 3250 Sed

110 3296 160 3356 hic
183 3294 266 3355 veiim
293 3290 454 3354 consuletur
471 3290 591 3352 Zonartr
608 3295 638 3353 in
657 3294 768 3354 Annas.
788 3285 866 3352 Temo
884 3287 924 3351 ΙΙ.
939 3304 973 3366 p.
988 3306 1036 3367 34.

109 3400 156 3460 ed.
180 3400 252 3473 Reg.
276 3409 305 3456 et
325 3409 358 3472 p.
376 3411 424 3474 27.
443 3397 513 3458 edit.
531 3398 630 3458 Vener.
649 3411 677 3458 et
695 3400 918 3458 Commentarius
932 3395 982 3455 ad.
1001 3394 1037 3455 L.

115 3519 164 3577 ις.
191 3502 280 3563 codic.
308 3500 434 3575 Theodos.
462 3502 496 3560 de
511 3502 673 3562 haereticis.
721 3503 876 3563 Enimvero
894 3503 1039 3577 turpione

112 3619 300 3668 commutetur
326 3605 433 3664 animur
455 3607 548 3664 thiae
564 3603 620 3675 est,
640 3607 788 3682 possqurm
800 3608 830 3667 iu
849 3621 945 3667 manus
961 3605 1038 3666 Prin·

111 3712 186 3786 cipis
210 3710 323 3786 religiosi
350 3709 504 3779 convenit,
530 3723 578 3767 eut
603 3711 677 3772 forte
703 3710 789 3775 inuste
809 3724 838 3773 et
855 3723 921 3773 cum
938 3709 1037 3771 dolore

109 3814 287 3879 dissimularit
304 3829 439 3879 errorem.
575 3884 605 3954 K
636 3906 656 3955 2
