2580 5146
329 384 538 457 TIBERII
581 386 1014 459 HEMSTERHUSII.
1078 412 1119 477 37

179 592 338 655 tuumque
359 572 494 639 dolorem
513 591 567 655 per
583 572 711 637 biduum
730 575 853 656 pedore
870 572 1001 655 premit,
1024 572 1111 656 quud

176 688 431 773 jucunditatem,
462 688 514 752 cui
535 687 562 751 i'e
580 687 713 768 hospites
730 685 896 768 dederant,
912 684 1060 753 'muliebri
1078 687 1111 753 dt

180 802 264 868 nibil
289 800 452 884 profutura
470 801 635 884 ejulatione
652 800 852 865 contaminari
867 800 1003 866 nolebat.
1048 800 1113 867 Ta·

178 918 203 983 li
238 914 408 982 constantia
438 933 603 996 gennabus
633 913 684 979 ille
720 915 895 981 Socraticae
933 915 1111 996 disciplinae

177 1030 355 1109 alumnus,
385 1028 583 1110 Xenophon,
613 1029 752 1093 nuntiata
774 1029 852 1094 inter
876 1028 1109 1096 sacrificandum

176 1141 234 1208 fiiii
255 1141 360 1226 Grylli
384 1158 505 1223 morte,
536 1144 653 1210 ludium
670 1142 807 1225 distulit,
830 1142 904 1209 dunt
918 1144 1051 1210 solemne
1064 1146 1110 1210 sa·

178 1255 331 1322 crificium
347 1254 519 1339 peregisset.

224 1369 467 1436 ostentationem
492 1369 522 1435 dt
548 1370 668 1436 inanem
690 1389 837 1456 pompam
859 1371 965 1439 oderat
987 1392 1058 1439 cum
1075 1388 1108 1440 tn

177 1485 299 1567 reliqua
313 1484 397 1567 vita,
420 1500 487 1550 tum
504 1484 535 1550 in
551 1483 713 1568 docend03
737 1502 772 1551 ut
786 1487 899 1568 exteri,
916 1488 970 1570 qui
987 1489 1024 1554 ad
1039 1492 1107 1575 ejus

175 1600 328 1665 ledbiones
350 1596 521 1679 venibant,
553 1599 606 1664 vix
631 1599 806 1681 crederent,
837 1601 921 1668 hunc
945 1602 1003 1668 eiie
1018 1604 1106 1671 illum

178 1709 468 1793 Hernsterhusrutn‚
499 1711 537 1777 de
561 1731 625 1793 quo
650 1728 696 1779 tot
712 1733 748 1779 ac
767 1730 850 1780 tanta
868 1717 1036 1798 praedicari
1052 1738 1107 1784 au·

178 1824 337 1893 divident.
387 1828 497 1893 Famae
520 1825 552 1891 u
578 1845 704 1910 magnae
728 1827 766 1892 de
792 1829 821 1895 se
835 1830 992 1913 opinionis
1009 1851 1106 1914 prope

174 1940 339 2023 negligens
351 1953 436 2020 erat,
458 1941 580 2007 tuiuitue
595 1943 735 2008 omniunt
750 1961 863 2006 curans
878 1944 1019 2025 plausum
1037 1948 1108 2010 vui·

177 2055 237 2141 gi,
268 2053 322 2119 cui
345 2071 499 2138 propterea
513 2074 609 2139 paene
624 2056 752 2138 ignotus
776 2055 864 2122 vixit.
909 2058 953 2121 At
972 2077 1036 2138 quo
1051 2060 1107 2122 rni-

174 2187 243 2238 nus
266 2168 393 2253 gloriam
420 2170 606 2252 venabatur,
628 2187 666 2234 eo
683 2169 779 2251 magis
796 2169 833 2233 ad
850 2188 920 2236 eunt
935 2171 1041 2257 sponte
1057 2193 1108 2239 ue·

177 2282 303 2352 niebat.
350 2279 432 2370 Quis
455 2266 534 2350 enini
552 2284 667 2366 nescit,
690 2302 797 2347 unuues
815 2286 951 2352 omniurn
968 2289 1105 2371 gentium

173 2398 317 2466 eruditos
333 2418 394 2465 uua
411 2419 511 2480 voce,
534 2418 595 2466 uua
610 2398 752 2464 sententia
772 2418 898 2481 regnunt
912 2401 943 2467 in
960 2403 1052 2468 literis
1068 2403 1106 2469 ed

174 2515 278 2601 ipsum
291 2514 454 2582 detuliii'ei

221 2628 408 2708 Prudentia,
430 2627 563 2711 dubito,
586 2646 624 2692 an
644 2646 781 2708 unquam
798 2628 898 2713 major
913 2629 1103 2714 &praestan-

175 2748 240 2812 tior
264 2743 357 2811 fuerit
382 2744 413 2809 iu
439 2745 503 2809 uilo
529 2743 653 2807 homine
676 2741 809 2808 erudito.
857 2745 1009 2814 Credeba:
1025 2749 1105 2828 Epi·

176 2861 329 2941 chamo,
353 2875 465 2924 nervos
485 2854 615 2922 &artus
632 2855 809 2937 prudentiae
825 2855 906 2938 eise,
928 2878 991 2923 uon
1010 2876 1103 2923 teme·

176 2973 369 3052 recredere,
392 2971 596 3052 tenebatque,
621 2969 642 3034 ss
660 2970 845 3053 quisalius,
870 2985 962 3035 artem
982 2970 1105 3038 difficil-

175 3088 283 3157 limam
307 3087 428 3153 tacendi
450 3086 506 3151 suo
522 3101 679 3167 tempore,
703 3083 908 3167 &loquendi
952 3085 987 3149 Iu
1005 3087 1105 3153 confi·

172 3205 222 3270 lio
247 3199 396 3284 capiendo
418 3218 549 3280 cautus,
583 3199 812 3279 consideratus,
844 3198 895 3278 dr,
917 3197 939 3262 st
959 3201 1103 3284 quaeris,

174 3321 298 3385 lentus:
331 3314 448 3396 quippe
475 3333 581 3378 ornnes
604 3313 635 3380 in
652 3328 815 3396 utramque
833 3327 949 3396 partem
969 3315 1103 3383 rationes

175 3429 327 3506 videbat,
356 3429 388 3495 dt
414 3447 526 3511 magno
543 3429 664 3511 judicio
687 3428 893 3511 ponderabat:
925 3428 1101 3514 sedidem,

174 3544 235 3611 ubi
256 3544 342 3608 semei
361 3541 436 3624 quid
454 3542 650 3621 denuntiet,
675 3540 816 3606 constans
833 3541 992 3610 dentatus.
1015 3548 1102 3614 Alie·

172 3676 239 3726 nus
263 3676 281 3720 a
303 3657 546 3739 suspicionibus:
578 3655 629 3722 sed
650 3654 729 3721 idem
747 3656 951 3740 latebrarum,
975 3665 1103 3744 quaein

171 3771 287 3846 animis
304 3771 466 3840 hominum
480 3772 559 3856 sutt,
584 3769 787 3855 sugatiffituus
802 3775 989 3856 explorator.

696 3883 726 3954 C
750 3905 768 3970 3
1045 3881 1107 3950 Sed
