2580 5146
321 342 408 420 ΒΕ
467 336 969 422 ΑΝΤΙΡΗΟΝΤΕ.·
1046 368 1111 448 ¹43

182 520 219 607 hi
237 543 375 619 Κρονιῒνος
391 534 422 599 ἒν
435 535 547 621 Πυτίνῃ
558 537 597 608 ὡς
610 538 728 616 πονηροῦ
742 537 924 616 μνημονεύει.
968 535 1109 626 νοιιιιιη

183 673 223 719 ne
250 649 327 733 quid
352 647 592 728 diffiniamus,
616 647 821 713 Theramenes
842 650 933 714 etiam
949 653 1033 734 apud
1047 656 1109 721 Xe·

183 767 339 850 nophont.
362 762 487 828 Hellen.
503 762 546 827 ΙΙ.
565 777 602 846 p.
620 764 696 843 467.
741 760 942 843 Antiphontis
961 765 1107 834 condem·

182 881 339 946 nationem
370 872 523 942 manifeste
546 873 655 939 tribuit
679 873 803 956 triginta
820 874 996 957 Tyrannis:
1019 883 1108 951 Anna

180 997 244 1077 pairs
260 993 311 1059 ιιοιὶ
327 995 526 1075 Ἀντιφῶντος
541 992 595 1071 ὑφ’
615 991 697 1071 ὑμῶν
715 991 944 1072 ἀπολλυμένου,
967 991 998 1067 ὃς
1013 997 1045 1062 ἐν
1061 997 1106 1082 a&

180 1109 302 1188 πολέμῳ
325 1105 373 1173 δύο
398 1105 515 1186 οοιῆρεις
540 1100 572 1169 εὖ
585 1103 734 1176 anathene
749 1106 931 1185 παρείχετο,
953 1109 1105 1191 interirem

179 1220 224 1289 ira
245 1220 296 1287 xxi
321 1221 347 1285 oi
363 1219 502 1301 πρόθυμοι
521 1227 559 1301 τῇ
575 1217 660 1284 πόλει
672 1218 860 1298 γεγενημένοι
879 1220 990 1296 πάντες
1005 1222 1103 1292 tinda-

178 1360 237 1408 νος
253 1337 323 1415 ὑμῖν
339 1331 439 1413 ἕξοιεν.
483 1330 550 1419 Qui
568 1330 657 1393 locus
673 1347 743 1392 cum
761 1329 967 1414 Thucydide,
990 1324 1103 1401 etMo·

178 1463 328 1512 numento
353 1444 484 1528 publico
508 1441 591 1526 apud
615 1438 840 1526 Plutarchum,
868 1446 1024 1528 conciliari
1038 1467 1103 1516 nott

177 1561 301 1645 potest,
333 1557 389 1626 nist
411 1558 492 1625 forte
514 1556 677 1638 dicamus,
704 1555 924 1625 Theramenem
943 1578 1104 1646 propterea

177 1675 382 1758 Antiphontis
412 1673 541 1740 exitium
576 1671 699 1755 triginta
731 1671 887 1754 Tyrannio
919 1676 1104 1761 imputass'e,

177 1789 267 1871 quod
287 1790 388 1870 plures
413 1790 446 1855 in
467 1806 574 1854 eorum
589 1803 717 1852 numero
735 1784 848 1869 essent,
872 1788 926 1872 qui
942 1803 1011 1854 ante
1026 1803 1105 1858 con·

180 1901 321 1969 stitutum
345 1898 619 1987 Trigintaviratum
644 1893 869 1984 Atrtiphontem
885 1901 917 1967 itr
936 1902 1103 1985 perniciem

180 2013 379 2097 impoliiient.
432 2018 476 2082 At
500 2015 575 2080 haec
594 2013 632 2079 de
644 2013 850 2098 Antiphontis
866 2030 964 2082 morte
980 2017 1103 2100 querela

177 2129 282 2196 cuivis
299 2129 405 2213 potius
420 2128 625 2212 conveniret,
638 2148 730 2211 quam
742 2128 946 2213 Therameni,
962 2130 994 2198 in
1009 2151 1103 2216 quem

176 2262 276 2311 unum
302 2243 413 2328 Lyfias
431 2244 531 2310 Ονοι.
549 2242 627 2311 ada.
644 2244 848 2330 Eratosthen.
869 2261 905 2331 p.
925 2249 1000 2313 216.
1025 2265 1103 2314 con·

172 2360 245 2445 jicit
267 2359 382 2426 crimen
405 2357 611 2443 Antiphontis
627 2357 795 2426 interfedti:
817 2361 995 2444 βουλόμενος
1011 2361 1042 2431 δὲ
1056 2362 1101 2448 τῶ

174 2470 306 2560 incripta
333 2476 440 2554 antidea
470 2474 562 2544 δονεῖν
583 2476 669 2550 arsit
693 2472 797 2555 οἶνοι,
826 2481 1020 2563 ’Amodata
1048 2476 1103 2547 καὶ

173 2590 424 2675 *Αρχοπδιιεμον
438 2589 605 2677 praedaeue
623 2590 711 2665 dorae
725 2590 807 2676 αὐτῷ
821 2595 989 2678 mammio
1004 2594 1103 2661 ὶιιέιι·

172 2722 275 2776 reatae.
330 2705 393 2773 Cui
418 2703 604 2773 dubitationi
628 2702 708 2769 forte
731 2704 802 2785 quis
817 2704 860 2770 ita
874 2720 1042 2787 occurrat,
1064 2718 1103 2771 ut

174 2818 283 2901 dicat,
315 2819 557 2900 Theramenem,-
588 2814 765 2882 cumidem
792 2816 866 2897 fibi,
901 2803 988 2897 quod
1010 2814 1103 2881 Anti·

172 2933 286 3018 phonti
311 2948 421 3015 antea,
445 2929 632 3017 supplicium
648 2926 854 3011 impenderet,
876 2930 926 2994 vel
941 2928 1102 3012 poeniten·

172 3047 248 3113 tiam
266 3067 353 3132 agere
370 3043 521 3130 coepiffe,
544 3044 632 3127 quod
648 3058 779 3110 veterem
799 3044 936 3109 amicum
951 3040 1100 3126 perdidis·

171 3161 237 3242 set,
260 3165 309 3229 vel
326 3161 440 3228 crimen
457 3161 517 3228 ase
531 3158 691 3226 transferre
707 3156 836 3226 voluisse
851 3159 883 3224 in
900 3156 1025 3241 triginta
1032 3156 1102 3241 Ty·

174 3294 302 3342 rannos.
349 3275 411 3343 Sed
427 3275 581 3356 fatemur,
603 3275 739 3340 animum
765 3271 862 3356 magis
886 3272 918 3338 in
933 3274 1013 3338 hanc
1029 3289 1100 3356 par·

173 3401 237 3455 tem
263 3389 431 3470 inclinare,
461 3402 497 3453 ut
514 3387 703 3470 statuamus,
725 3388 960 3471 Xenophontem
978 3385 1100 3454 nonde
1229 3462 1233 3471 ,

172 3502 370 3584 Antiphonte
392 3500 584 3569 Rhamnusto
602 3505 718 3600 loqui,
736 3502 786 3568 sed
802 3503 840 3568 de
864 3505 944 3585 alin,
966 3501 1102 3587 Lyhdo·

176 3613 261 3681 nidis
284 3615 370 3701 filio,
399 3637 490 3701 quern
515 3616 624 3701 Lysias
650 3617 681 3680 in
709 3617 845 3683 oratione
865 3619 1040 3704 deperdita,
1069 3628 1101 3683 et

174 3717 404 3818 Theopompus
419 3733 528 3801 dieunt
542 3730 599 3798 snb
614 3728 737 3811 triginta
753 3730 909 3815 Tyrannio
922 3732 1054 3819 periisse.

597 3841 631 3927 Q
652 3861 672 3909 a
989 3841 1101 3911 flattu
