2580 5146
415 342 497 418 nr
560 341 907 418 nonturno,
1058 366 1118 434 321

183 522 222 618 'pa
242 551 294 616 ογ.
327 525 399 615 ,Sed
416 533 510 617 hujus
522 531 633 616 judicii
648 533 795 616 iniquitas
813 533 894 600 unde
911 529 1106 614 proferunt,-

181 663 246 714 non
267 645 310 712 eil
333 647 457 713 difficile
482 649 657 731 intelligere.
707 649 826 717 Urebat
843 648 928 713 haud
942 647 1035 712 dubie
1047 648 1105 711 ho·

182 765 325 842 minem,
354 761 437 827 suani
457 761 494 826 de
519 760 600 826 ldeis
614 762 810 846 sententiam,
834 783 926 845 quarn
943 761 1104 844 discipuli,

185 893 224 943 ut
241 877 294 958 fit,
316 875 461 941 laudibus
475 876 505 941 in
520 878 640 941 coelum
656 877 787 957 ferrent,
810 876 927 943 idoneis
935 876 1106 942 rationibus

184 1012 202 1058 a
220 993 364 1072 Longino
380 991 565 1074 oppugnari.
609 991 682 1055 Huc
699 991 796 1073 adde,
814 992 957 1057 barbarae
973 998 1003 1056 et
1012 990 1105 1073 spinis

182 1104 399 1189 metaphysicis
423 1104 562 1168 horridae
580 1103 737 1186 sapientiae
755 1121 913 1188 nunquam
932 1105 1007 1169 bene
1028 1123 1104 1170 con·

181 1221 285 1288 venire
307 1238 378 1284 curn
406 1219 539 1299 elegante
563 1236 593 1282 et
617 1218 735 1285 diserta.
788 1221 892 1286 Etiam
916 1239 999 1285 nunc
1017 1237 1103 1301 repe·

178 1336 321 1413 riuntur,
351 1333 522 1416 praesertim
550 1333 587 1395 de
604 1333 779 1400 scholastica
799 1335 907 1400 Wolfii
922 1333 1101 1416 disciplina3

182 1446 239 1531 qui
254 1449 358 1530 paullo
372 1448 541 1529 elegantius
557 1447 830 1533 philosophantes,
852 1440 1032 1534 philologos
1045 1464 1105 1534 po·

178 1565 264 1645 tius,
289 1580 382 1645 quarn
400 1562 622 1646 philosophosy
647 1565 822 1647 appellent„

591 1763 706 1859 vri.

225 1995 268 2088 ht
292 2016 388 2101 vein,
420 2033 510 2102 quem
536 2038 594 2084 nos
608 2017 801 2085 Platonicum
821 2012 1041 2104 philosophum
1056 2005 1104 2088 dl·

178 2134 307 2216 cimus,
337 2135 528 2216 Porphyrius
552 2135 636 2217 apud
659 2132 826 2200 Eusebium
844 2133 890 2202 H.
905 2134 947 2202 E.
967 2134 1024 2200 Vl.
1051 2155 1103 2218 19·

176 2267 240 2334 pro
258 2249 462 2332 Pythagorico
481 2248 617 2313 habuisse
633 2248 770 2314 videtur:
793 2253 881 2325 συνῆν
897 2252 958 2333 γὰρ
974 2251 1101 2332 Ὠρογέ·

174 2384 229 2441 γης
249 2365 296 2431 οἷοὶ
320 2368 360 2447 τῷ
380 2365 541 2445 silesceret,
563 2375 622 2439 τοῖς
639 2390 674 2432 τε
691 2366 881 2450 ΝοομοοίοοἸ
897 2365 946 2430 κο)
965 2368 1104 2447 Κροοῖοο,

173 2480 425 2564 Ἀπολλοφάνους
452 2506 487 2546 τε
503 2482 553 2546 real
573 2483 740 2557 Λογγίοοο.
764 2481 813 2546 nal
829 2482 1025 2563 Μοδεράτου,
1047 2489 1108 2548 Ni·

171 2597 313 2676 κομοὶχοο
328 2617 363 2661 τε
378 2595 428 2661 axi
448 2601 507 2661 τῶν
521 2585 551 2660 ἔ)
565 2605 626 2668 τοῖς
644 2596 846 2678 Ποθογοοείοος
866 2598 1033 2677 ἐλλογίμων
1051 2600 1105 2662 eiu·

173 2705 248 2790 apuu
266 2712 370 2789 ὡμίλει
393 2710 644 2790 οογγροὶμμοοο.
699 2708 800 2792 Quem
826 2711 932 2773 locum
956 2710 1015 2772 line
1042 2711 1104 2772 ulla

175 2820 346 2904 scripturae
381 2823 522 2891 varietate
554 2818 702 2900 excerpsit
725 2821 836 2884 Suidas
869 2841 902 2886 v.
926 2821 1101 2902 'aposlum

176 2935 208 3003 F
210 2935 344 3001 abricius
360 2937 482 3018 quidem
500 2938 580 3003 Bibl.
598 2935 659 3002 Gr.
683 2933 727 2999 Τ.
741 2936 766 2999 Ι.
792 2951 825 3016 ps
842 2938 917 3014 4⁸28
940 2954 1013 3015 494.
1037 2951 1103 2997 cre·

176 3049 278 3130 dens,
301 3052 407 3116 omnes
427 3051 647 3135 philosophos,
670 3050 725 3130 qui
739 3048 791 3113 hic
808 3061 1101 3131 commemorenturg

176 3164 405 3248 Pythagoricos
430 3165 508 3244 eise,
538 3184 601 3229 oon
623 3158 776 3230 dubitavit
801 3175 831 3226 et
849 3163 1100 3245 Apollophanem

177 3291 213 3342 et
234 3277 469 3362 Longinumsin
489 3279 765 3362 Pythagoricorum
784 3280 958 3359 catalogum
974 3274 1096 3345 referre.

174 3393 217 3460 ln
240 3411 305 3474 quo
322 3391 437 3458 fallitur
453 3393 501 3457 vir
517 3393 719 3459 doctissimus.
768 3393 852 3458 Nam
867 3382 1101 3474 Apollophanes

175 3505 305 3572 Stoicus
327 3506 406 3573 suit:
440 3507 637 3589 Numenius,
661 3507 738 3572 sicut
757 3507 942 3590 Longinus,
965 3505 1100 3572 Platoni·
1155 3492 1171 3553 '-

175 3638 258 3702 cus;
282 3615 424 3703 quamvis
444 3631 570 3701 uterque
586 3621 623 3683 <le
642 3621 724 3685 illius
741 3623 887 3704 temporis
897 3640 979 3686 more
990 3624 1105 3703 Pytha·

158 3734 298 3825 'goticae
323 3735 478 3803 austrinae
497 3733 630 3804 studium
648 3735 836 3805 assumsisset.
881 3737 953 3804 Alia
969 3736 1099 3801 dilicul-

709 3847 740 3917 Χ
950 3911 953 3915 ,
1057 3858 1104 3915 ma
