2580 5146
238 320 478 402 onena
528 313 896 399 euaornrn.
972 349 1035 417 ,ος

110 508 191 576 rium
202 506 264 592 (s)
281 507 321 572 ad
338 504 532 573 Bonifatium
550 505 650 588 misit,
668 511 723 590 qui
738 510 790 576 etii
805 532 877 579 cum
885 515 1034 583 Vandalis

111 621 272 689 areiiffimo
291 619 441 686 societatis
455 618 582 684 vinculo
598 622 831 690 continebatur:
857 642 956 694 tamen
972 632 1035 708 iis,

112 737 324 821 quantumin
353 735 383 801 se
408 733 490 816 suit,
521 752 551 799 et
586 734 743 801 blanditiis
777 734 888 806 additis
910 760 939 807 et
962 763 1035 828 pro·

111 857 225 936 millis,
250 870 284 922 ut
300 855 398 921 solum
414 853 596 920 Africanum
612 871 782 939 verterent,
805 865 959 928 auclorem
974 864 1033 932 ell'e

109 971 401 1053 consuasotemque,
423 972 529 1035 nullus
558 970 723 1038 dubitavit.
771 975 832 1040 Sed
859 977 973 1061 surdo,
995 997 1032 1051 ut

109 1088 216 1166 aiunt,
235 1084 369 1151 narravit
382 1083 532 1151 fabulam.
578 1085 664 1171 Quin
680 1106 763 1153 arma
779 1092 950 1177 capientes,
966 1077 1033 1166 tan·

106 1217 170 1266 tam
199 1201 413 1266 Romanorum
451 1197 577 1282 stragem
610 1201 757 1286 edidere,
797 1223 832 1273 ut
852 1208 1031 1282 Bonifatius

108 1319 309 1401 Hipponem,
341 1316 374 1382 in
410 1317 595 1403 maritimum
625 1320 840 1406 munitumque
865 1325 1031 1396 Numidiare

106 1436 236 1517 locum,
258 1430 425 1516 confugere
454 1430 492 1498 srt
520 1435 659 1501 condius.
736 1515 737 1518 Ἴ

551 1666 594 1733 V.

155 1900 298 1983 Sequenti
318 1921 397 1969 anno
412 1922 489 1986 430.
512 1900 674 1984 Theodofio
698 1901 786 1987 Aug.
804 1898 891 1966 XIII.
912 1913 944 1963 et
962 1900 1031 1966 Va·
1136 1883 1138 1887 ’

111 2018 289 2083 laminiana
300 2021 387 2105 Aug.
403 2019 459 2086 111.
485 2017 562 2102 Coff.
585 2016 718 2080 Vandali
744 2015 922 2097 Hipponem
948 2013 1030 2080 obsr·

110 2134 204 2198 dione
220 2133 390 2199 cinxerunt.
433 2131 467 2198 S.
487 2128 702 2215 Augustinus,
724 2129 790 2214 (t)
812 2126 867 2210 qui
884 2142 951 2193 tum
968 2126 1028 2192 hac

110 2251 175 2334 ipsa
206 2251 280 2318 urbe
310 2248 546 2330 continebatur,
583 2248 661 2313 iuter
691 2247 841 2313 maximoe
874 2262 1030 2311 armorum

108 2367 251 2450 strepitus
267 2366 361 2433 evita
379 2364 533 2449 migravit.
579 2363 648 2440 Sed
658 2361 809 2444 Vandali,
832 2376 908 2427 cum*
922 2361 1030 2428 urbem

107 2478 208 2563 neque
231 2479 263 2546 vi
292 2474 392 2562 neque
426 2478 603 2543 conditione
627 2477 658 2542 in
689 2477 868 2561 potestatem
895 2476 1033 2563 redigere

106 2604 190 2668 suam
206 2599 346 2684 pollent,
368 2597 478 2680 veriti,
500 2616 537 2662 ne
553 2596 633 2662 fame
650 2599 893 2683 conficerentur,
916 2602 955 2666 ab
970 2601 1029 2667 ob·

104 2718 219 2785 sidione
246 2715 437 2783 destiterunt.
489 2716 614 2781 Interim
640 2714 772 2781 Vandali
793 2735 917 2782 omnem
943 2716 1028 2782 Afri·

105 2851 195 2918 cam,
217 2849 335 2918 praeter
355 2848 416 2899 tres
436 2835 598 2916 civitates,
621 2837 869 2920 Carthaginem,
882 2838 1023 2921 Cirtam,

106 2946 307 3031 Hipponem,
329 2966 533 3031 occuparant.
580 2947 776 3015 Theodosius
798 2967 869 3015 vero
888 2949 929 3015 11.
952 2960 1026 3016 eum

106 3053 139 3122 id
159 3059 281 3126 minime
304 3038 461 3125 ferendum
484 3076 626 3144 putaret,
650 3056 728 3126 mifit
751 3060 842 3146 Baffo
860 3076 891 3127 et
912 3062 1028 3130 Antio·

106 3172 162 3242 cho
184 3175 263 3261 Coff.
279 3175 325 3244 A.
344 3177 380 3242 C.
396 3198 472 3260 ⁴³1·
520 3163 687 3262 Asparem,
711 3177 812 3244 virum
829 3177 945 3244 bellicis
961 3179 1030 3245 lau·

983 3293 1032 3361 di.

142 3492 213 3578 (s)
233 3502 338 3576 Hunc,
375 3507 413 3565 ob
438 3524 550 3582 opernm
572 3512 710 3584 praeclare
733 3522 875 3586 murtam,
903 3511 1028 3592 ungulari

110 3603 194 3661 lande
206 3604 319 3679 dignum
334 3610 438 3668 censuit
457 3610 628 3685 Augustinus
643 3614 699 3690 Ep.
717 3630 786 3689 229.

151 3703 221 3785 (t)
242 3709 373 3774 Pollidius
390 3718 420 3773 io
436 3721 501 3776 uita
514 3716 666 3794 Augustini
683 3737 709 3778 c.
725 3719 831 3784 xxlx.
