2580 5146
211 351 264 422 R.
313 344 577 418 BENTLEII
618 349 953 428 nulsione..
1014 374 1057 443 55

108 534 226 616 buza,
255 531 339 622 quid
360 530 482 600 literae
505 519 699 618 fignifictnt.
754 535 884 619 Videt,
914 539 1048 623 opinor,

103 649 292 717 Duronum
314 650 355 716 it*
368 651 428 720 τὶς
455 659 486 711 et
502 649 658 732 ἆμπερέως
675 651 830 736 (σαφῶς,
855 651 936 718 idem
958 653 1046 735 quod

104 763 316 845 διωμπερέως,
344 759 416 825 vide
438 759 606 847 Hesych.)
659 765 816 830 Nimirum
841 764 977 848 persona
993 767 1046 833 hic

104 876 269 944 inducitur
289 875 456 942 remacuia
478 875 584 959 lingua
606 890 696 941 utens
723 877 865 961 Dorica3
889 878 971 943 unde
986 878 1049 948 nd·

103 1009 171 1067 aare
194 989 286 1057 trodo
309 1006 425 1056 nomen
449 988 578 1055 dramati
605 989 757 1075 inditum3
782 989 880 1074 quod
895 989 1048 1058 variarum

104 1105 232 1172 urbium
259 1104 347 1171 cives
369 1101 423 1170 l'ua
451 1102 584 1186 quisque
609 1104 739 1172 dialeiio
757 1105 799 1171 ibi
820 1106 1048 1189 loquebantur·

106 1219 195 1286 Seu.
217 1221 275 1285 ⁶2.
303 1216 492 1301 Antiphanis
515 1219 607 1284 locus
631 1218 695 1303 ell3
724 1220 779 1285 ubi
803 1220 1042 1302 &madrarim

109 1331 200 1400 versu
214 1329 411 1416 repudiatur.
455 1331 619 1416 Eleganter
634 1349 665 1400 et
680 1354 749 1400 vere
765 1334 934 1402 Salmasius
950 1339 1045 1420 Ἀξν·

107 1447 303 1530 emunire,
331 1447 436 1531 inpie,
464 1450 680 1525 airaiitmdor.
710 1446 735 1516 i.
760 1467 789 1514 e.
821 1454 1042 1519 incomitatus.

113 1561 203 1646 qood
227 1560 411 1633 omninum
436 1575 555 1629 textum
578 1561 785 1648 recipiendum
801 1582 878 1632 erat.
923 1564 1042 1633 Poteris

19 1704 26 1709 ·
111 1676 207 1743 etiam
227 1672 272 1742 lie
293 1673 463 1761 mingere,

203 1903 422 1985 Emathii&
437 1906 545 1990 iilic,
576 1906 785 1983 triemitonium

165 2130 230 2200 Sed
264 2133 388 2198 alterum
411 2130 489 2198 iliud
512 2130 675 2198 sententiae
691 2129 813 2195 videtur
829 2128 944 2211 aptius.
967 2127 1049 2197 sert.

115 2250 178 2334 63.
239 2245 365 2332 Optime
392 2245 477 2313 dedit
508 2248 616 2313 locum
656 2244 825 2329 Eupolidis
846 2247 1048 2332 pungermau·

116 2381 204 2449 uue,
226 2380 266 2429 ex
280 2358 451 2429 neceffitate
466 2363 576 2442 metri,

203 2590 300 2664 Ὀςις
317 2589 430 2657 mitior
446 2589 524 2667 ἥκεις
540 2574 617 2674 ἔχων
634 2590 684 2656 atui
702 2594 849 2673 xanaiae,

202 2703 338 2787 Ὠσπερ
357 2707 441 2788 λεχὼ
460 2712 612 2787 §paridam
629 2707 664 2786 ἐξ
680 2709 804 2780 ’lutiam

168 2933 264 3002 Clara
288 2931 457 3016 sententia,
487 2933 557 3018 Qui
574 2954 692 2999 urnam
714 2931 750 3001 i?
767 2933 901 2993 ahenum
916 2942 1050 3016 porta53

130 3062 289 3131 tammam
311 3062 475 3135 puerpera
500 3048 631 3127 Ionica,
653 3048 760 3131 castra
771 3043 915 3130 sequens.
960 3042 1057 3109 Nem·

127 3180 170 3248 pe
194 3162 226 3228 in
248 3161 361 3243 Ionia,
390 3160 445 3227 ubi
471 3159 631 3242 disciplina
654 3160 793 3226 militaris
811 3177 871 3223 non
888 3157 1056 3226 admodum
1122 3156 1126 3166 '

113 3276 277 3361 vigebat,
299 3294 369 3342 moe
383 3291 467 3358 erat,
485 3288 521 3362 ut
541 3294 650 3341 uxores
667 3277 888 3341 comitarentur
904 3273 974 3339 suos
990 3292 1057 3339 ma·
1159 3292 1163 3299 ·

127 3390 208 3458 ritoo
234 3389 417 3457 militantes:
450 3391 505 3456 ubi
531 3389 553 3455 fi
576 3410 655 3473 quae
678 3390 757 3456 forte
783 3387 964 3472 peperiliet,
986 3390 1056 3456 vala

128 3505 370 3572 circumferebat
384 3505 583 3572 balneatoria.
636 3506 681 3571 At
697 3505 801 3570 bonus
819 3504 887 3587 vir,
910 3505 1054 3573 Kuhniue

129 3622 294 3701 «panim
310 3619 364 3687 hic
379 3619 411 3686 in
429 3620 545 3686 senario
563 3619 670 3703 pouit:
696 3619 782 3703 quod
798 3621 920 3702 perinde
938 3621 998 3701 eli,
1020 3642 1057 3687 ac

132 3730 160 3802 sr
182 3733 224 3804 iic
244 3734 277 3806 in
299 3733 432 3821 Virgilio
457 3734 620 3820 legendum
650 3737 866 3822 contenderet,
896 3740 1005 3822 Tityre
1023 3750 1061 3800 tu

612 3848 643 3918 D
667 3867 689 3933 4
1000 3862 1063 3938 pa·
