2580 5146
73 290 77 299 ’
181 317 377 398 rotatas
399 315 463 396 rt-
483 315 732 401 ιιιιιοιιιιιιι
754 318 948 405 Νινιυιι
971 341 1033 425 ιιι
1159 418 1164 427 ,

112 530 207 596 quam
231 512 307 578 levis
328 509 365 577 srt
387 515 571 596 auotoritas,
600 515 654 582 ubi
676 516 742 582 aliis
764 514 962 602 scriptoribus
976 523 1030 591 ad·

107 629 287 707 verse-ntur,
315 626 465 693 neminem
483 630 577 715 latet,
600 633 814 714 provocabant
830 635 869 700 ad
883 637 1030 707 Lastaut.

68 832 78 845 Ι
104 741 224 810 Diria.
245 741 350 825 instit.
370 759 400 808 t.
420 761 459 810 11.
483 763 535 827 19.
578 745 732 833 Rapoiffe
746 746 872 814 dicitur
885 756 922 816 in
935 748 1032 839 aqui·

104 857 143 946 la
164 858 378 925 catamitum.
431 849 577 924 Poo‘ticus
598 859 684 926 color
705 861 758 946 est.
809 863 874 930 Sed
895 882 955 931 aar
968 884 1029 954 por·

106 976 259 1061 legionem
279 975 413 1057 rapuit,
438 971 530 1048 casus
545 971 665 1058 imfignc
681 977 797 1061 aquila
811 979 872 1062 cst,
894 995 955 1046 aar
968 992 1030 1047 na·

102 1096 176 1171 ait,
197 1092 234 1153 in
248 1104 315 1174 qua
330 1087 372 1172 est
380 1086 560 1172 impostam,
583 1088 718 1154 tutelam
732 1091 847 1189 imbuit
861 1097 897 1159 im
911 1097 1028 1182 aquila

98 1202 307 1289 figuratam:
337 1200 420 1286 ficut
442 1213 600 1281 tauram,
627 1224 697 1268 cum
724 1211 840 1292 rapuit
862 1222 894 1273 ct
917 1223 1029 1277 trans·

102 1320 193 1388 rexit
210 1317 393 1403 Europam.
436 1314 479 1381 Et
499 1314 531 1381 in
548 1317 696 1403 Epitomo
709 1317 829 1387 Diria.
846 1322 922 1408 last.
941 1342 983 1393 ιι.
995 1345 1027 1410 3.

101 1435 273 1519 Europam
299 1435 482 1498 transmaria
505 1435 542 1496 in
562 1443 674 1500 tauro.
724 1432 810 1518 Quis
827 1439 1025 1522 astruamus?

102 1548 225 1634 Utique
248 1549 362 1626 navis,
385 1566 469 1632 quat
486 1545 627 1612 tardam⁴
637 1547 753 1614 habuit
766 1555 860 1616 tauri
871 1551 975 1640 specie
982 1552 1027 1636 fi·

95 1675 269 1749 goratam.
309 1659 401 1745 Jam,
421 1657 592 1742 inquiunt,
614 1658 637 1726 fr
660 1680 732 1727 cum
748 1663 809 1728 hoc
827 1667 899 1731 loco
917 1667 1025 1735 conie-

99 1793 207 1843 ramua
234 1772 384 1843 todorum
417 1773 513 1862 Orig.
551 1774 629 1840 Lib.
650 1794 723 1846 vnt.
759 1777 820 1844 col.
852 1783 944 1851 1026.
968 1781 1019 1850 ed.

99 1889 254 1958 Gothoir.
313 1888 496 1977 Impadt’ctts
528 1892 567 1956 in
590 1893 781 1972 extraneis,
813 1913 904 1978 qaam
929 1894 1021 1960 modo

97 2021 234 2073 tauram
241 2002 373 2092 fingam
383 2016 521 2090 propter
530 2003 684 2091 Europae
697 2017 831 2091 raptum
839 2002 1021 2088 :fateamim

93 2125 132 2190 in
152 2124 255 2204 mari,
283 2120 375 2204 cujus
397 2118 517 2204 infigar
539 2130 614 2183 erat
634 2132 767 2185 tauros.
797 2121 876 2187 clare
894 2139 1020 2205 appare·

93 2234 164 2317 bit,
186 2234 313 2301 tutelam
327 2248 358 2298 et
373 2231 510 2317 infigat,
531 2230 807 2319 intermorituram,
825 2234 901 2303 nihil
916 2236 1020 2304 differ·

95 2365 141 2421 re.
192 2347 323 2416 Tutelae
346 2367 419 2416 vero
441 2351 532 2415 locus
554 2347 598 2414 est
621 2348 653 2414 in
677 2349 795 2435 puppi,
817 2350 912 2435 igitur
926 2352 1019 2421 etiam

94 2477 204 2533 tauraa
226 2464 258 2531 in
278 2463 378 2549 puppi
396 2461 554 2529 stationem
570 2463 700 2546 habuit,
722 2480 775 2548 et,
799 2466 947 2550 quoniam
965 2486 1020 2535 na·

93 2583 146 2648 via
170 2580 315 2664 Europae
338 2579 468 2646 Taurus
494 2579 577 2647 droa
600 2578 714 2664 fuerit,
733 2578 816 2647 teste
838 2581 966 2649 Polluce
985 2603 1017 2650 ι.

94 2700 148 2780 ⁸4·
173 2695 328 2779 sequitur,
360 2706 562 2776 titatium,
582 2696 699 2778 tutela,
721 2715 833 2760 nomon
851 2698 1015 2780 acceperit.

90 2809 140 2879 Ut
165 2826 268 2877 autem
289 2808 363 2876 huic
381 2808 494 2875 rationi
512 2807 770 2890 respondeamus,
792 2809 956 2877 dicendum
971 2807 1016 2876 est

92 2925 216 2993 minime
230 2920 336 3010 sequi,
358 2922 381 2990 sr
399 2923 592 2989 Laaanrms
606 2936 729 2988 taurum
745 2924 895 3004 tutelam,
917 2920 1016 3005 lado

89 3062 150 3108 rut
168 3038 284 3124 trigae
308 3037 440 3120 dixerit,
470 3054 506 3104 ut
531 3036 600 3103 ideo
621 3054 678 3120 pro
703 3034 881 3119 synonymis
907 3035 1014 3103 habeti

90 3157 241 3240 debeaat3
272 3153 336 3220 fieri
357 3157 437 3220 enim
461 3153 587 3238 potuit,
617 3168 654 3219 ut
678 3151 819 3217 alteruter
835 3149 1012 3234 falleretur,

92 3271 180 3356 quod
201 3284 231 3336 et
255 3268 307 3336 hic
330 3268 472 3337 accidisse
498 3284 655 3352 putamus.
705 3265 781 3332 Non
805 3265 886 3331 enim
913 3265 1012 3350 magia

88 3385 191 3453 verbis
214 3382 384 3453 laudantia·
405 3384 560 3465 inducor,
592 3396 626 3449 ut
641 3381 790 3461 statuam,
812 3380 947 3464 aquilam
962 3377 1012 3448 vel

88 3516 212 3568 taurum
235 3500 323 3568 navis
344 3501 470 3566 tutelam
496 3496 605 3579 fuiffe,
635 3516 728 3580 qoam
753 3512 789 3564 ut
805 3495 1014 3579 praecedenti·

90 3617 153 3680 bor
180 3617 318 3698 proxime
341 3610 498 3698 persuasus
520 3610 663 3690 credam,
694 3627 831 3698 tempore
854 3609 1014 3697 Ganyme·

88 3729 317 3818 dis,'aquilam
332 3728 447 3815 infigar
464 3725 592 3813 legionis
606 3724 707 3794 fuisit·
1012 3804 1019 3812 ,
