2580 5146
175 345 391 425 ‘raanan
432 353 863 439 HEMSTERHUSIL
955 383 978 456 3

46 542 90 609 tit
114 558 276 624 unquam,
298 557 354 604 nec
370 538 428 604 esse
447 539 557 624 possit,
579 542 714 627 fingere,
735 551 972 637 exemplarque

47 657 168 724 ducam
186 656 224 720 ab
239 674 345 719 eorum
361 656 490 737 aliquo,
514 658 629 739 quibus
644 677 752 724 omnes
771 664 874 729 omnia
891 665 973 732 sum·

47 792 104 839 ma
120 772 152 837 in
171 771 227 836 hac
244 768 391 836 facultate
409 771 594 838 tribuerunt.
627 773 697 838 Nec
711 774 762 839 ille
777 776 866 860 longe
883 798 975 860 quam

47 886 179 953 tendas.
229 885 346 951 Adhuc
376 883 505 966 animis,
536 885 724 969 addicam,
747 866 974 958 oculianostria

44 1002 183 1068 inhaeret
211 1016 425 1069 n1uun1us
457 1019 860 1070 nnnanennusaua.
912 1005 976 1074 Vax

47 1115 124 1182 dum
157 1114 322 1195 lacrimae,
362 1111 497 1193 quasin
530 1114 597 1197 ejua
621 1111 729 1181 funere
751 1115 974 1203 profudimua,

49 1240 250 1295 exaruerunt.
604 1243 607 1249 ·

92 1341 155 1407 Hic
168 1341 241 1406 taiis
259 1356 296 1404 ac
311 1353 415 1406 tantua
432 1339 480 1407 vit
495 1339 527 1406 in
541 1338 622 1425 iilia,
645 1360 779 1427 quotum
794 1342 848 1412 vix
865 1342 970 1433 ungu-

49 1455 222 1540 iismguiis
248 1454 356 1520 seculis
383 1455 414 1519 in
438 1458 555 1538 generis
581 1457 705 1526 humani
727 1461 900 1545 exemplum
915 1481 972 1530 na·

49 1571 195 1650 scantur,
214 1567 424 1650 praecipuum
442 1571 546 1637 locum
562 1585 654 1640 tenet.
697 1573 774 1665 Quo
792 1576 910 1661 magia,
932 1589 972 1644 ut

50 1685 201 1754 mediocri
226 1681 348 1764 ingenio
370 1682 506 1750 homines
527 1685 616 1753 facile
642 1689 779 1772 patimur
792 1709 865 1758 cum
882 1691 970 1757 libris

51 1800 117 1868 suis
138 1796 299 1876 occidere,
327 1792 369 1859 sac
394 1794 608 1867 Hemiierhufii
632 1802 778 1869 memoria
792 1803 974 1870 conservan-

56 1912 100 1978 da
134 1912 235 1976 modis
263 1908 429 1991 omnibus,
465 1910 497 1977 δι
525 1915 694 1980 aeternitati
731 1914 891 1996 aequanda
918 1914 974 1982 est.

56 2028 249 2114 Quanquam
275 2041 347 2088 vero
370 2023 409 2087 ad
432 2023 561 2089 laudem
571 2027 638 2108 ejus
657 2025 922 2110 magnificentius,
944 2027 977 2095 st

52 2141 96 2210 ad
125 2156 318 2205 communem
341 2116 504 2203 utilitatem
526 2137 652 2205 uberius
676 2135 819 2206 fututum
841 2138 979 2224 offensa

50 2255 159 2323 divina
183 2272 254 2319 cum
277 2251 388 2333 animi,
419 2250 452 2317 δι
475 2251 609 2336 ingenii,
640 2266 706 2320 tum
731 2252 913 2337 decianae,
943 2254 978 2322 st

48 2369 210 2456 sapientiae
232 2369 333 2449 bona,
364 2367 480 2450 quibua
499 2368 681 2434 cumulatus
695 2367 776 2451 suit,
799 2367 974 2453 smgulatiut

50 2487 290 2568 explicarentur,
323 2483 416 2548 nobis
441 2497 567 2564 tamen,
599 2482 687 2565 quod
712 2485 816 2551 omnia
832 2484 973 2571 persequi

50 2598 203 2667 infinitum
218 2598 283 2680 est,
300 2616 339 2663 ex
354 2616 389 2661 ea
405 2597 534 2663 maxime
549 2610 656 2680 parte,
669 2617 730 2680 qua
744 2600 871 2684 gloriam
883 2600 971 2669 suam

51 2714 190 2798 inprimis
222 2712 386 2793 fundavit,
422 2712 484 2777 hoc
513 2710 580 2794 est,
609 2731 647 2780 ex
672 2714 804 2782 Critices
825 2715 973 2797 scientia,

52 2829 233 2914 spetiandus
253 2827 385 2892 videtur.
566 2834 570 2839 '

98 2946 216 3011 Critica
239 2958 374 3008 veterum
399 2939 581 3024 scriptorum
605 2940 722 3022 libros,
744 2954 895 3023 tanquan
912 2954 978 3004 ma·

52 3058 179 3141 teriam,
210 3075 302 3139 quam
329 3056 458 3135 nasset,
480 3055 512 3120 δι
530 3055 640 3137 inqua
657 3054 811 3135 versetur,
835 3052 891 3119 sabi
906 3051 977 3119 sub·

52 3173 154 3257 jesana
181 3171 291 3236 habeta
321 3188 378 3234 nee
394 3166 528 3252 angustie
548 3185 701 3234 certorum
719 3167 901 3251 scriptorum
918 3179 978 3232 ter·

54 3285 149 3353 minis
180 3284 261 3366 septa
290 3299 431 3365 tenetur,
467 3281 519 3348 sed
551 3301 606 3367 per
636 3283 769 3366 Poitas,
808 3282 977 3364 Omtorea,

55 3397 311 3478 Grammaticos,
344 3395 536 3479 iuuencos,
566 3397 772 3481 Philosophus
799 3399 890 3482 longe
903 3400 979 3462 late·

54 3514 119 3599 'que
153 3526 304 3595 vagatur,
341 3510 456 3593 ubique
477 3512 634 3595 iudicium
660 3511 692 3578 ἂ
716 3511 873 3578 censuram
897 3528 983 3577 exet·

52 3646 142 3694 cens.
207 3625 314 3712 Quam
345 3625 535 3706 provinciam
555 3623 673 3692 tametsi
696 3626 822 3709 proprio
845 3624 982 3707 quodam

52 3745 122 3832 iure
146 3755 251 3824 tenet,
282 3755 409 3824 tamen,
432 3738 598 3823 siquando
616 3740 647 3806 in
663 3741 838 3838 grauiorum
852 3737 984 3820 discipti-

551 3856 582 3924 Α
603 3875 624 3921 2
935 3861 989 3912 na·
