2580 5146
546 335 593 433 l(
618 339 737 435 v11)(

168 534 325 639 (uidet,
349 539 396 607 ita
431 538 505 631 ejus
541 539 739 629 ingenium,
775 536 982 629 doctrinam,
1025 549 1098 617 ani,

172 687 293 748 mum,
313 685 449 750 mores,
466 663 658 755 explicuit,
678 667 725 735 ita
743 664 897 736 Criticae
915 672 984 739 vim
1003 693 1100 761 prae,
1135 676 1141 687 ’

176 796 398 884 stantiamque
429 790 638 876 declaravit,
674 793 722 877 ita
751 793 864 862 nativa
890 792 950 863 illa
971 796 1101 886 ipsique

175 924 316 1016 propria
344 919 487 989 Latinae
518 919 683 988 orationis
703 917 854 989 castitate
872 942 912 993 ac
933 920 1105 993 venustate

175 1072 248 1120 rem
276 1065 585 1140 argumentumque
604 1042 805 1130 illustravit,
830 1066 891 1132 ut,
917 1069 1025 1137 quum
1043 1048 1106 1120 du·

176 1177 350 1262 bitenius,
389 1171 512 1263 plusne
542 1169 580 1240 stt
609 1173 643 1240 in
663 1191 702 1243 ea
724 1174 934 1263 scriptione,
961 1173 1104 1248 suavita·

176 1307 244 1387 tis,
271 1301 424 1392 leporis,
450 1295 714 1389 pulcritudinis,
733 1301 876 1385 nitoris,
895 1321 937 1371 an
956 1299 1106 1391 pruden-

178 1433 270 1514 tiae,
309 1425 508 1521 gravitatis,
534 1423 731 1516 dignitatis,
757 1424 957 1510 maiestatis,
980 1427 1108 1519 jucun,

179 1557 302 1626 diome
338 1551 375 1621 iit
393 1549 507 1636 lectu,
533 1569 575 1619 an
594 1548 796 1621 frustuoiior
816 1552 978 1646 exemplo
998 1574 1033 1625 et
1053 1557 1107 1625 in·

180 1683 380 1761 stitutione,
416 1675 503 1746 illud
531 1698 600 1747 non
620 1675 816 1748 dubitemus
833 1672 1105 1765 affirmare‚'ve·

184 1831 222 1877 re
251 1804 429 1876 aureolum
461 1800 524 1870 elle
552 1801 736 1889 libellum,
772 1806 807 1883 in
828 1826 900 1893 quo
923 1805 1105 1877 formando

187 1931 353 2025 etllusae
365 1949 482 1999 omnes
491 1948 525 1997 et
535 1927 676 1999 Gratiae
687 1927 887 2020 conspiraffe
896 1929 1111 2013 videantur.”

240 2179 441 2252 Orationem
471 2178 512 2249 de
543 2175 721 2264 Graecia,
743 2174 890 2251 Artium
914 2198 959 2251 ac
975 2177 1115 2287 Dni‘irr'ae¹

186 2331 315 2390 narum
344 2306 533 2378 inventrice
566 2302 635 2398 (p.
658 2323 764 2399 77·-
779 2302 880 2398 104)
908 2306 1030 2381 habuit
1050 2309 1111 2383 Cl.

184 2455 502 2510 RUHNKEN1US
529 2454 619 2504 anno
656 2449 771 2526 1757,
807 2436 1020 2524 provinciam
1040 2435 1111 2509 Le„

190 2568 290 2639 eloris
312 2563 521 2635 Graecarum
541 2557 736 2629 Literarum
755 2561 789 2630 in
811 2557 995 2634 Academia
1015 2561 1113 2660 Lug,

190 2694 282 2763 duno
311 2690 434 2762 Batava
455 2686 701 2777 auspicaturus.
752 2683 849 2770 Hanc
869 2690 1014 2779 primam
1034 2690 1111 2783 post
1178 2756 1181 2763 .

191 2821 334 2911 longum
364 2836 500 2905 tempus
531 2814 847 2899 vereoratiunem,
872 2814 999 2900 idest,
1025 2838 1113 2906 quae

190 2967 226 3014 et
248 2943 440 3014 Latinitatis
460 2959 494 3008 ct
504 2937 736 3029 Eloquentiae
757 2937 873 3007 oiilcio
895 2939 1116 3030 satisfaceret,

194 3091 276 3140 tune
304 3069 452 3139 habitam
474 3065 560 3151 effu,
587 3085 622 3135 et
641 3062 732 3135 haud
752 3062 861 3133 dubio
881 3066 1033 3136 omnium
1053 3067 1117 3141 hae

197 3194 297 3264 laude
328 3193 530 3287 dignarum,
564 3210 641 3262 ante
674 3191 890 3274 habitarum,
925 3194 1116 3285 principem

199 3315 377 3402 exstitisse,
403 3316 545 3388 idoneus
564 3318 666 3387 nobis
685 3319 803 3386 auctor
821 3314 867 3384 est
885 3337 920 3386 et
938 3318 1028 3389 tellis
1046 3319 1119 3391 vals

199 3446 243 3516 dc
272 3442 432 3534 locuples
460 3442 583 3514 Celeb.
600 3439 880 3535 Wytrenbrrchr'rrs
900 3441 924 3513 l.
944 3467 976 3516 c.
1003 3467 1039 3536 p.
1062 3466 1122 3539 74,

199 3571 288 3664 Miri
321 3573 427 3666 igitur
455 3566 543 3657 nihil
564 3567 633 3660 eil,
657 3566 814 3673 exempla
832 3569 926 3653 illius
945 3569 1123 3644 Orationis

1107 3718 1129 3777 8,
