2580 5146
246 378 330 449 os
392 377 724 449 euasura
787 380 850 449 aa.
968 389 1021 468 a,

91 563 214 632 Graeci
236 562 434 648 philosophi,
465 564 575 629 eximia
601 564 734 645 quadam
751 564 860 629 mentis
877 562 908 629 vi
925 578 1021 646 atque

94 677 252 746 celeritate
274 676 425 761 praediti,
458 680 671 760 magistrorum
703 693 883 761 praecepta,
906 679 1021 759 quibus

55 786 58 793 ’
88 792 250 876 ingenium
268 792 298 855 in
317 790 545 855 inveniendo&
563 790 1022 874 acutecernendodirigeretur,

86 908 123 974 in
145 926 218 975 vero
235 902 467 987 investigando,
491 903 722 986 excolendaque
738 905 854 971 ratione
869 906 959 986 longe
968 923 1024 969 an·

90 1035 292 1088 teverterunt,
327 1018 450 1103 Logica
465 1018 561 1100 igitur
575 1020 623 1081 vel
635 1019 802 1084 Dialectica
812 1036 879 1083 tum
896 1019 1022 1083 demum

88 1136 218 1201 inventa
239 1134 304 1214 eli,
333 1152 428 1214 cum,
457 1132 622 1196 constituta
643 1133 868 1215 propemodum
887 1132 1025 1216 philoso-

91 1248 191 1333 phia,
222 1247 307 1312 acuti
323 1246 507 1329 sagacesque
523 1245 662 1310 homiues
678 1249 744 1330 ejus
760 1246 941 1331 praefidium
957 1265 1023 1311 non

92 1378 281 1443 magnopere
301 1359 514 1427 deiiderarent.
566 1360 641 1446 Quo
666 1358 779 1427 dolius
806 1358 1023 1444 argumentost
1128 1355 1130 1359 ’

91 1477 167 1559 quis
190 1474 380 1555 contendat,
412 1495 474 1541 non
499 1473 594 1540 videri
618 1490 757 1556 tantam,
788 1491 903 1557 quanta
924 1478 1022 1558 vulgo

92 1603 248 1673 putatur,
271 1587 364 1674 huius
380 1590 556 1673 disciplinae
575 1587 758 1667 utilitatem,
781 1589 807 1652 is
823 1588 946 1672 quidem
957 1587 1023 1655 sen·

34 1790 40 1799 1
92 1702 209 1769 tentiae
225 1702 293 1767 suae
312 1703 465 1769 adscribat
482 1701 627 1768 nostram.
672 1703 760 1768 Plato
775 1719 876 1784 certe,
900 1703 1023 1768 Mathe·

95 1815 228 1895 maricis
243 1816 416 1905 pationibus
440 1816 643 1901 percipiendis
672 1816 769 1898 tnagis
784 1816 852 1880 acui
868 1814 907 1880 ad
924 1816 1026 1896 philo·

92 1931 236 2015 sophiam
254 1931 432 2015 ingenium,
454 1933 596 2013 putabat.
650 1930 870 1994 Verumtamen
895 1942 929 1992 ut
943 1926 1029 2007 capi·

97 2046 175 2112 talia
196 2046 318 2129 ingenia
336 2047 397 2110 hoc
419 2045 609 2110 adminiculo
623 2042 714 2108 facile
730 2042 903 2121 caruerint,
925 2040 1030 2122 negari

98 2159 186 2227 haud
208 2158 326 2243 potest,
360 2178 558 2242 permagnum
576 2155 797 2223 infirmioribus
814 2154 1039 2238 adjumentum-

98 2276 162 2341 hac
178 2291 241 2339 arte
256 2272 314 2338 elle
332 2274 470 2338 allatum.
515 2276 623 2354 ltaque
633 2286 721 2355 grato
734 2270 837 2335 animo
852 2267 1032 2353 praedican-

98 2390 134 2456 di
157 2389 226 2455 sunt
248 2390 374 2453 Veteres
397 2388 459 2469 illi,
492 2406 626 2469 quorum
648 2387 796 2451 acerrimo
816 2384 915 2452 studio
932 2384 962 2450 dt
978 2392 1038 2449 exi

98 2507 187 2571 culta
211 2503 331 2586 Logiea
356 2501 419 2582 eli,
452 2500 482 2567 de
507 2521 560 2584 per
582 2521 672 2567 omne
688 2499 912 2583 disciplinarum
930 2516 1029 2583 genus

99 2617 242 2687 latilssme
262 2616 341 2682 fula.
386 2616 655 2698 Peripateticorum
674 2613 797 2681 illullria
813 2617 843 2680 in
864 2618 946 2681 illam
964 2633 1029 2679 me·

99 2734 163 2801 rita
187 2748 447 2809 commemorare,
481 2730 556 2812 quid
574 2729 704 2795 attinet?
727 2749 764 2795 ex
780 2749 915 2811 quorum
933 2727 1033 2792 sonti·

103 2849 170 2915 bus
187 2846 303 2911 rivulos
322 2843 475 2909 duxerunt
488 2845 682 2909 recentiorem
737 2841 798 2908 Sed
815 2843 884 2921 quis
900 2855 1031 2920 praepo·

103 2962 215 3030 liccam
235 2958 448 3043 &perversam
467 2959 644 3024 Stoicorum
660 2955 848 3039 diligentiam
866 2951 962 3030 ierat,
977 2947 1033 3032 qui

104 3074 254 3158 captiosas
276 3073 509 3139 cavillationum
527 3073 556 3136 u
572 3072 760 3137 fallaciarum
778 3065 897 3149 laqueis
910 3063 1036 3148 excogi-

103 3192 204 3268 tatis,
234 3187 320 3272 quod
344 3187 382 3252 ad
405 3186 549 3269 regendas
572 3187 603 3251 in
619 3206 692 3252 vero
713 3180 897 3249 inveniendo
916 3195 1035 3245 mentes
1111 3208 1114 3213 ·

103 3325 126 3373 a
153 3302 363 3387 Peripateticis
389 3316 601 3381 conparatum
625 3299 756 3378 fuerat,
789 3296 881 3361 idad
905 3314 956 3360 eas
978 3294 1037 3360 im·

110 3418 283 3505 pediendas
340 3416 603 3500 implicamlasque
647 3411 895 3479 converterunt?
947 3410 1037 3497 Quae

111 3531 242 3615 quidem
275 3531 399 3610 tricae,
438 3530 584 3614 deinceps
618 3548 636 3593 a
668 3528 796 3594 barbara
829 3524 1040 3592 Scholastica·

107 3662 186 3714 rum
224 3644 344 3711 natione
383 3644 494 3727 cupide
541 3640 712 3727 arreptae,
747 3643 801 3707 vix
839 3641 962 3706 tandem
994 3658 1042 3705 re·

112 3757 290 3837 cerariorum
321 3758 576 3849 philosophorum
617 3776 710 3837 opera
754 3776 791 3821 er
824 3754 936 3821 sellulis
970 3769 1043 3929 prp-

612 3870 638 3943 F
662 3891 680 3955 3
1023 3875 1048 3927 a·
