2580 5146
339 342 422 418 oo
489 348 901 423 tortoreto..
991 360 1052 437 33³

122 536 190 620 tr't'pi
221 533 424 616 Ξενοφῶντος,
454 551 532 616 quae
558 535 618 618 ipse
636 548 680 604 sl.
699 534 741 604 T.
765 535 836 602 sec‘i.
855 537 886 600 8.
911 551 1050 598 comme·

123 667 245 729 morat,
269 649 322 714 nili
341 650 410 732 quis
427 667 483 731 pro
500 649 744 715 Commentario
758 654 795 714 in
812 649 1047 734 Xenophontem

122 766 233 830 habere
258 764 353 844 velit,
384 778 497 847 partem
526 764 657 826 arbitror
679 761 766 827 suilse
787 772 844 830 erio
863 763 1043 840 ottonom.

120 875 234 962 Neque
252 879 333 943 enim
350 875 526 958 Xenophon
537 875 567 940 in
577 875 629 940 cali
638 875 761 941 censura
767 877 919 958 praeteriri
926 873 1044 959 potuit.

545 1101 623 1170 XI.

165 1332 296 1402 Athenis
321 1328 483 1415 postquam
507 1330 671 1412 Longinus
695 1331 808 1396 bonam
833 1330 913 1397 vitae
927 1344 1046 1415 partem

130 1468 202 1514 cum
236 1450 399 1532 juventute
434 1443 625 1526 erudienda,
656 1461 723 1512 tutu
748 1446 907 1530 praeclaris
934 1446 1046 1530 ingenii

125 1562 333 1630 monumentis
359 1557 526 1624 condendis
551 1559 712 1641 exegisset,
742 1542 981 1643 patria'relitta,
1010 1561 1044 1626 in

123 1678 280 1744 Orientem
307 1673 400 1752 abiit,
433 1672 492 1739 sive
510 1689 544 1738 ut
568 1673 830 1755 consanguineos,
853 1674 1048 1741 Emisaeht·

122 1793 274 1871 bitanres,
296 1786 454 1868 inviseret,
477 1787 538 1855 sive
553 1804 587 1853 ut
601 1786 644 1851 ibi
661 1786 872 1852 hereditarium
887 1790 1046 1870 negotium

123 1920 234 1990 ageret.
279 1903 335 1969 Per
351 1900 454 1981 hanc,
479 1902 510 1966 ni
526 1900 680 1981 fallimur,
703 1899 912 1977 occasionem,
937 1902 1044 1985 cogni·

125 2036 176 2085 tus
192 2017 234 2084 est
250 2036 267 2082 a
284 2016 378 2083 virilis
395 2014 487 2079 animi
506 2016 647 2089 muliere,
670 2032 699 2081 et
718 2017 793 2081 nulli
810 2016 976 2098 priscarum
993 2015 1047 2081 hei

123 2132 244 2198 coldum
261 2129 415 2210 secunda,
439 2129 585 2210 Septimia
594 2129 751 2212 Zenobia,
768 2149 845 2213 quae
861 2146 928 2195 tum
936 2128 1046 2198 Orien·

125 2248 165 2314 tit
187 2244 346 2328 imperium
375 2243 510 2308 tenebat.
566 2247 654 2330 Quae
677 2266 741 2312 non
763 2245 878 2311 minore
899 2244 1043 2328 ingenio,

125 2380 217 2443 quam
244 2361 367 2438 anim0‚
391 2357 550 2440 praedita,
574 2378 646 2424 cum
663 2360 761 2425 bonas
776 2375 853 2426 artes
871 2360 1045 2444 adamaret,

121 2475 302 2556 Longinum
318 2472 507 2537 Graecorum
527 2473 680 2538 literarum
696 2474 872 2559 magistrum
889 2475 1043 2542 adhibuit.

121 2588 276 2682 Vopiscus
301 2589 331 2653 in
352 2587 509 2652 Aurelian.
529 2606 581 2669 30.
605 2609 666 2672 quo
684 2589 883 2674 (Longino)
898 2592 961 2658 illa
977 2572 1063 2656 nra-¹

120 2707 218 2790 gistro
240 2703 297 2777 osa
325 2700 381 2784 effe
403 2701 451 2766 ad
473 2701 618 2765 Graecos
642 2702 758 2766 literae
781 2706 917 2769 dicitur.
969 2705 1044 2789 Quo

124 2838 211 2893 uno,
243 2814 263 2878 li
282 2815 356 2896 quid
370 2816 566 2898 judicamus,
589 2831 768 2896 argumento
788 2817 924 2882 concidit
937 2817 1043 2882 sabula

122 2933 160 2996 dc
185 2930 340 2997 Zenobiae
360 2928 553 3012 judaismo,
583 2926 667 3010 saepe
689 2930 801 3012 jaciata
827 2930 865 2996 ab
887 2927 1043 2995 Ecclesiae

93 3049 99 3057 ’
121 3045 287 3124 Patribus,
321 3041 488 3107 Athanasio
512 3040 613 3124 Epist.
640 3042 678 3108 ad
693 3043 815 3109 Solitar.
843 3043 886 3109 T.
903 3045 930 3111 Ι.
949 3044 1043 3129 Opp.

121 3181 155 3243 p.
184 3161 256 3242 386.
306 3156 419 3222 Photio
446 3156 526 3221 Bibi.
555 3155 638 3222 Cod.
657 3157 820 3224 CCLXV.
843 3178 877 3240 p.
898 3178 991 3240 1470.
1012 3173 1044 3225 et

122 3274 212 3352 aliis,
237 3291 318 3354 quos
339 3270 452 3337 iudicat
468 3270 663 3335 Moshemius
680 3269 794 3336 Histoe.
811 3270 977 3339 Christian.
1000 3274 1046 3341 se·

123 3387 186 3452 culi
203 3386 261 3450 lll.
283 3405 317 3466 p.
337 3387 409 3464 706.
456 3384 536 3471 Quis
553 3386 635 3451 enim
650 3385 772 3465 credat,
790 3386 937 3472 Judaeam
947 3387 1047 3457 Grae·

124 3517 227 3565 earum
254 3498 405 3562 literarum
433 3499 626 3581 magilhum,
658 3520 791 3582 eumque
808 3501 1045 3588 philosophum.

124 3611 300 3695 expetiisse?
332 3613 433 3696 Cujus
459 3612 558 3695 gentis
577 3616 776 3694 quantumin
794 3615 1047 3686 Graecasliterat

125 3743 156 3793 et
179 3725 402 3827 philosophiam
419 3727 525 3793 odium
543 3724 638 3794 suerii
647 3774 660 3811 ,
682 3729 759 3796 nihil
774 3730 881 3798 attinet
898 3732 1050 3816 disputare

979 3839 1181 3927 eost‘
