2580 5146
265 352 349 425 nn
410 352 916 437 nuntenonna.
996 384 1063 464 ιι,

128 544 195 613 tius
212 558 340 607 examen
358 538 535 626 tempatis,
558 538 780 626 animadverti,
803 543 897 629 hujus
914 546 1056 630 oratoria

128 658 287 729 historiam
312 654 419 724 multis
445 652 680 729 difficultatibus
709 655 870 743 impediri,
895 681 973 744 quas
991 683 1056 733 non

125 795 234 842 omlnes
254 774 423 856 superarint
445 772 509 840 duo
533 773 695 845 excellenti
730 775 853 857 ingenio
868 791 899 841 et
917 775 1056 856 doilrina

127 892 217 972 Viri,
247 891 303 975 qui
325 902 395 965 ante
409 905 468 957 uos
484 887 516 955 in
535 889 740 973 Antiphontis
759 890 884 957 historia
901 893 1054 964 illustran-

124 1005 165 1079 da
185 1005 335 1090 egregiam
359 1022 484 1089 opernm
507 1005 723 1086 collocarunt,
749 1003 987 1090 Joan.J0ns1us
1011 1010 1051 1080 de

121 1123 342 1209 naporum
360 1120 442 1207 rap.
460 1119 640 1209 philosoph.
659 1138 698 1211 p.
715 1124 791 1206 25⁶.
814 1137 844 1188 et
856 1103 949 1211 noan,
965 1124 1053 1212 ray.

120 1238 206 1308 lorus
234 1236 379 1303 Ladion.
396 1234 568 1319 Lystacar.
590 1235 627 1303 C.
645 1234 719 1315 Vll.
763 1238 904 1312 Acuente
919 1238 1051 1332 deinde,

119 1367 156 1417 ut
173 1351 239 1418 lieri
256 1351 352 1433 solet,
374 1349 442 1434 ipsa
460 1349 642 1418 difficultate
656 1347 856 1434 industriam,
878 1351 971 1437 digna
986 1334 1051 1420 ma)

120 1467 196 1535 teria
218 1465 280 1549 visa
306 1464 371 1548 est,
399 1464 431 1530 in
459 1485 524 1550 nua
535 1465 735 1549 explicanda,
758 1469 902 1560 quamvis
919 1485 1049 1561 tenues,

119 1581 253 1660 necdum
276 1579 482 1655 maturitatem
497 1578 668 1663 assecutas,
690 1581 803 1673 ingenii
820 1581 921 1667 vires,
944 1584 1052 1653 adole·

118 1695 205 1763 scens
230 1696 357 1770 sedecim
378 1713 530 1773 maurum
553 1694 738 1780 periclitarer
748 1717 766 1780 3.
783 1697 955 1781 praesertim
971 1717 1046 1771 cum

119 1815 301 1896 Praeceptor
327 1831 413 1892 mens
436 1829 597 1895 nunquam
624 1813 696 1879 satis
717 1812 917 1895 laudandus,
939 1810 1046 1889 David
1113 1804 1118 1818 “

119 1932 325 2004 Ruhnkeuitu
347 1931 391 2007 v.
417 1932 459 2013 C,
487 1949 504 1998 a
528 1951 592 2015 quo
619 1949 705 2017 uno,
730 1930 884 2013 quidquid
901 1930 988 2012 sum,
1011 1930 1045 1997 iu

117 2049 220 2116 hocce
244 2046 410 2123 studiorum
434 2066 544 2130 genere
573 2063 621 2117 me
643 2058 746 2113 totum
774 2041 949 2125 profestum
963 2037 1044 2114 elie,

117 2177 225 2248 gratus
248 2161 364 2245 satem,
393 2181 450 2246 pro
464 2160 606 2247 singulari
624 2161 677 2227 sua
694 2160 726 2226 in
743 2178 791 2225 me
815 2157 1045 2241 benivolentia,

115 2279 201 2350 varia
220 2277 296 2354 mhi
317 2276 361 2347 ad
375 2277 602 2364 Antiphontem
621 2275 801 2362 pertinentia
815 2294 852 2342 ex
871 2270 981 2368 insigni
996 2271 1045 2342 iar

112 2396 265 2465 editorum
281 2397 432 2475 librorum
446 2410 594 2479 apparatu
611 2391 830 2478 suppeditaret.
863 2388 1044 2474 Antiphon·

112 2516 153 2583 tis
175 2514 269 2600 igitur
289 2511 445 2579 historiam
469 2512 512 2577 ita
536 2508 768 2592 enarrabimus,
791 2521 829 2574 ut
842 2506 975 2597 primurn
992 2501 1042 2582 vi,

110 2620 261 2713 damus,
294 2646 430 2714 quantus
456 2627 571 2704 Orator
595 2626 712 2710 fuerit,
734 2642 803 2704 tum
818 2626 944 2710 qualem
962 2621 1040 2699 sein

111 2744 270 2827 republica
298 2741 534 2809 administranda
569 2740 761 2825 praebuerit,
802 2739 933 2822 denique
958 2754 1039 2821 quae

109 2856 223 2941 ingenii
240 2832 439 2924 monumenta
455 2855 494 2923 ad
510 2854 715 2943 posteritatem
725 2849 931 2919 transmiserit.
955 2847 1037 2932 Qui·

109 2972 170 3043 hou
193 2973 377 3060 explicatis,
410 2971 448 3037 de
470 2972 536 3039 aliis
558 2972 648 3039 etiam
673 2965 945 3050 Antiphontibus,
977 2958 1035 3043 qui
1075 2978 1079 2987 ¹

107 3087 204 3171 vulgo
227 3106 302 3163 cura
323 3087 518 3172 Antiphonte
539 3080 731 3165 Rhamnnlio
746 3076 897 3147 confundi
911 3075 1033 3167 solent,

106 3198 261 3281 dicemus·

146 3319 253 3399 Nun
269 3317 313 3386 est
329 3319 494 3404 Antiphon
510 3318 720 3403 Rhamnusrus
731 3314 863 3386 Athenis
877 3326 963 3400 patre
971 3309 1033 3385 800.
1168 3313 1170 3316 ’

105 3433 339 3520 philoolynap.
353 3436 487 3506 LXXV.
509 3458 540 3504 1.
563 3439 613 3507 vel
630 3461 663 3504 a.
685 3438 718 3504 in
735 3453 816 3520 quos
833 3433 918 3518 ipsos
932 3449 1030 3506 1111101

107 3548 218 3622 incidit
231 3553 367 3638 bellum,
390 3554 477 3638 quod
491 3557 605 3632 Xerxes
621 3574 732 3638 manaan
750 3553 863 3620 damno
876 3551 933 3620 suo
944 3551 1034 3633 mnu

105 3663 144 3743 lit
183 3663 343 3753 Graeciae.
410 3671 484 3736 Hoc
517 3670 720 3752 Antiphontis
747 3672 847 3747 natale
872 3686 1029 3761 tempus,

103 3781 252 3874 quamvis
266 3790 362 3875 paulo
371 3784 629 3872 ⁸*lantins„.tradunt
638 3786 771 3871 Pitonius
779 3787 935 3870 malaoth.
946 3781 1027 3852 Οὐδ.

409 3899 416 3914 ’
533 3898 608 3985 04
880 3894 1025 3970 ccelx.
