2580 5146
300 546 672 661 canaaesrno
710 598 864 674 mo,

141 836 428 978 ¹grunnio
484 898 992 979 nnms‘rneefltnsm

465 1227 498 1286 S·
561 1230 596 1284 P.
649 1227 692 1290 Ι).

231 1528 565 1601 RICHARDUS
606 1527 936 1601 BENTLEIUS.

113 1934 167 2122 J
168 2026 221 2074 am
258 2004 440 2093 septimana,
468 2006 590 2089 eredo,
618 2006 754 2091 effluxit,
783 2023 822 2072 ex
851 2005 1046 2089 quomens

121 2137 195 2187 tuas
227 2120 423 2206 optatiliimas
447 2142 503 2208 per
526 2120 747 2188 adolescentem
767 2122 893 2188 Danum
920 2121 1051 2205 accepi,

122 2236 156 2302 in
188 2236 303 2320 quibus
328 2235 402 2304 serio
427 2236 539 2304 rideris
562 2236 721 2317 laborare,
752 2251 789 2304 ut
810 2256 827 2303 a
850 2237 1050 2322 negligentiae

121 2367 153 2417 ae
179 2351 306 2418 crimine
326 2371 463 2436 purges,
494 2348 581 2435 quod
603 2347 743 2432 epistolio
771 2371 788 2418 a
810 2370 859 2418 me
874 2351 948 2418 olim
963 2371 1051 2420 acce·

120 2481 265 2550 protam
289 2466 353 2531 sero
374 2464 498 2531 demum
521 2461 715 2546 rescripseris.
778 2464 847 2533 Nae
874 2482 910 2535 tu
936 2488 1048 2554 parum

121 2581 225 2647 adhuc
248 2601 296 2646 me
323 2579 423 2663 nolli,
452 2578 474 2645 sr
500 2578 608 2648 antid
631 2598 678 2645 me
706 2581 805 2650 credis
828 2584 1049 2671 succensuille;

122 2710 179 2761 aut
202 2695 279 2761 adeo
300 2695 386 2760 irasci
408 2693 552 2775 facilem,
581 2708 616 2759 ut
642 2706 706 2760 tam
730 2698 857 2781 operosa
879 2697 1052 2767 excusatio·

124 2828 164 2875 ne
195 2808 253 2875 tibi
277 2827 360 2893 opus
384 2805 489 2874 fuerit.
545 2805 621 2873 Non
643 2807 724 2874 enim
752 2825 814 2875 tam
840 2812 953 2894 grande
980 2833 1053 2896 pre·

123 2924 205 2990 tium
239 2921 514 2990 emendatiunculis
549 2922 624 2988 meis
646 2920 773 2988 statuere
801 2922 904 3008 sole03
937 2941 972 2992 ut
994 2926 1054 2996 fin-

122 3040 264 3123 gularem
295 3037 429 3121 aliquam
460 3036 590 3121 gratiam
626 3036 696 3103 inde
725 3036 864 3124 sperem,
902 3056 956 3107 aut
988 3044 1054 3111 exi·

123 3170 212 3238 gam.
263 3150 366 3217 Facile
393 3151 473 3217 enim
499 3150 531 3217 eit
553 3149 642 3233 quasr
654 3150 761 3236 sponte
779 3151 855 3220 miri
872 3153 967 3223 solent
984 3156 1056 3225 sule·

123 3265 227 3334 malci:
268 3262 299 3331 lle
331 3265 474 3350 iniquum
507 3267 597 3349 plane
625 3263 688 3349 est,
719 3266 806 3350 quod
827 3268 954 3337 minimo
979 3276 1056 3345 milri

124 3382 234 3449 labore
268 3379 409 3463 constet,
451 3380 483 3446 id
513 3377 666 3465 postulare
697 3400 824 3467 magnae
845 3387 958 3469 gratiae
979 3392 1057 3461 milri

127 3495 259 3578 apponi.
312 3494 367 3563 Tu
394 3509 496 3562 tamen
522 3494 607 3561 haud
630 3511 797 3563 contentus
820 3503 1055 3585 exquisitissinris

126 3609 232 3678 verbis
260 3626 361 3696 grates
395 3610 470 3676 milri
505 3609 692 3695 persolvere,
729 3611 819 3682 etiam
840 3619 1056 3706 elegantiffimo

122 3722 280 3792 Lucianei
324 3722 422 3794 libelli
465 3742 589 3793 munere
634 3724 779 3794 demereri
825 3752 874 3799 me
917 3731 1056 3800 voluisti.

920 3845 923 3851 Ι
949 3843 1057 3931 Quma
