2580 5146
185 343 404 417 TIBERII
444 342 883 418 HEMSTERHUSII.
975 370 999 437 9

73 554 150 603 rum
164 536 256 619 longe
270 532 437 617 princeps,
460 530 490 595 in
506 530 733 599 Hemllerhusro
752 531 1000 618 adolescentulo,

79 646 175 714 simul
200 665 290 731 atque
310 666 381 712 eum
400 646 434 711 in
458 645 644 728 disciplinam
661 661 836 730 receperat,
857 649 1006 733 sagacissi·

79 782 134 829 me
156 761 315 845 perspexit.
359 759 479 826 iccirco
493 760 570 825 nibil
584 761 742 843 antiquius
756 761 886 843 habuit,
909 782 1005 845 quam

79 891 119 944 ut
137 875 347 960 philosophiae
362 873 496 955 semina,
511 895 590 957 quae
605 877 636 941 in
653 877 721 959 ejus
739 893 839 940 mente
857 879 1005 960 laterent,

77 992 263 1077 proliceret,
293 987 325 1055 dc
342 990 426 1054 recia
438 992 559 1054 cultura
576 989 720 1056 firmaret.
764 991 833 1056 Nec
852 991 1007 1058 Hemster·

79 1102 188 1171 hufius
202 1102 373 1168 ssernoullii
389 1102 551 1187 augurium
568 1103 689 1170 fefellit.
732 1104 816 1170 Nam
832 1121 916 1170 tanta
928 1108 1008 1173 cele·

78 1218 167 1285 ritate
188 1216 328 1282 altiorem
350 1215 558 1284 Geometriam
581 1218 739 1303 percepit,
769 1217 801 1282 dc
825 1220 863 1309 in,
879 1220 1005 1291 intimos

80 1330 295 1419 philosophiae
315 1330 449 1397 recellus
471 1332 661 1415 penetravit,
695 1347 728 1399 ut
744 1331 884 1417 magister
896 1333 1005 1403 fatere·

79 1462 154 1527 tur,
176 1445 226 1525 se,
250 1462 344 1527 quem
360 1463 433 1511 cum
452 1464 490 1511 co
508 1463 719 1530 compararet,
741 1447 818 1514 inter
834 1448 1005 1535 discipulos

81 1560 192 1628 babere
210 1559 378 1627 neminem.
422 1560 528 1643 Atque
542 1560 626 1626 haud
640 1561 724 1646 scio,
746 1581 785 1628 an
802 1567 933 1631 multum
949 1565 1008 1632 fal·

80 1675 202 1757 lemur,
232 1670 256 1740 fi
277 1675 358 1739 altos
383 1671 454 1740 illos
479 1673 714 1760 &magnificos
730 1677 768 1742 de
782 1679 875 1745 rebus
889 1679 1005 1748 divinia

49 1818 52 1823 ·
83 1788 291 1870 humanisque
306 1787 431 1871 sensus,
454 1789 510 1873 qui
526 1789 630 1875 pollea
647 1792 676 1859 se
691 1792 835 1860 omnibus
851 1794 1006 1860 Hemster·

84 1903 168 1969 bulii
189 1900 281 1968 dietis
308 1900 458 1987 laetisque
478 1908 693 1989 protulerunt,
723 1926 864 1989 maguam
889 1924 1008 1989 partem

87 2034 107 2082 a
136 2014 351 2082 Bernoulliana
371 2016 528 2103 disciplina
546 2035 731 2103 repetamus.
777 2020 843 2101 lpse
861 2019 1007 2102 quidem,

87 2127 301 2198 Bemoullium
328 2127 432 2198 divino
454 2152 580 2199 munere
606 2131 661 2198 fibi
684 2146 911 2214 praeceptorem
927 2133 1010 2201 obti-

88 2243 183 2331 gisse,
200 2262 272 2311 cum
288 2244 422 2331 gaudio,
439 2247 525 2332 quod
539 2249 632 2315 vultu
649 2243 681 2312 dt
697 2247 799 2314 oculis
813 2247 1007 2335 proderetur,

87 2358 173 2428 fateri
187 2358 315 2427 solebat.

125 2475 174 2542 Ita
198 2493 271 2540 cum
295 2474 414 2559 aliquot
442 2493 539 2542 annos
561 2474 702 2561 exegisset
725 2476 756 2543 in
774 2476 940 2544 Academia
954 2498 1010 2564 pa·

71 2586 162 2671 tria,
190 2588 322 2657 Leidam
344 2590 453 2674 veuit,
475 2590 624 2658 invitatus
641 2592 803 2677 praecipue
818 2592 901 2659 sama
915 2596 1010 2680 Jaco-

90 2703 121 2769 bi
145 2703 322 2786 Perizonii,
362 2704 417 2788 qui
451 2723 524 2773 cum
548 2721 661 2771 ceteras
685 2707 884 2775 humanitatis
909 2726 1011 2793 partes

90 2819 226 2905 egregie,
263 2833 331 2885 tum
355 2832 485 2885 veterem
511 2819 665 2887 hilloriam
693 2823 885 2905 elegantius,
916 2841 1011 2903 quam

92 2934 256 3017 quisquam
291 2948 361 3000 ante
385 2951 477 3017 eum,
508 2935 657 3004 tradebat.
710 2933 824 3001 Leidae
847 2949 913 2998 tum
941 2934 1014 3001 casu

93 3047 229 3130 quodam
254 3047 373 3133 disjedli
390 3064 476 3114 erant
492 3050 635 3133 publicae
651 3048 861 3115 Bibliothecae
876 3048 1012 3116 Codices

91 3160 192 3227 MSS.
250 3159 374 3225 Horum
396 3161 428 3227 in
453 3161 589 3229 ordinem
614 3162 848 3249 redigendorum
875 3182 950 3228 cura
974 3166 1013 3233 ab

91 3273 276 3343 Academiae
307 3274 513 3342 Curatoribue
545 3277 747 3343 demandatur
772 3275 1011 3348 liemllerhulio.

91 3388 188 3477 Quod
223 3390 412 3460 Curatorum
442 3389 480 3457 de
506 3394 628 3457 tantulo
651 3390 838 3456 adolescente
859 3392 1013 3476 judicium

92 3517 156 3569 tam
178 3501 255 3570 felix
271 3522 363 3569 omen
378 3504 410 3572 in
424 3505 578 3589 posterum
594 3522 718 3588 tempus
735 3505 887 3588 faciebat,
911 3525 945 3574 ut
962 3529 1015 3574 ne·

93 3634 148 3683 mo
172 3634 254 3682 unua
281 3617 459 3702 dubitaret,
483 3619 558 3702 quin
575 3620 602 3685 ie
619 3620 916 3706 aliquandoJacobo
931 3624 1018 3691 Gro-

91 3730 188 3800 novio
206 3730 238 3801 in
252 3730 445 3802 Graecarum
460 3734 612 3801 literarum
630 3734 813 3805 Proseslione
825 3736 1016 3804 successurus

574 3847 605 3915 A
627 3863 647 3929 5
971 3865 1021 3913 ea·
