2580 5146
139 333 339 421 toruus
358 336 423 420 ur
443 333 696 418 msrouruus
718 338 915 420 uturum
938 347 1002 441 ao,

63 546 175 605 omnes
194 535 332 620 constat,
353 535 658 618 Grammaticorum,
679 533 786 603 fialiis
803 538 982 604 tutioribus

65 653 285 733 adversentur,
307 653 422 717 nullam
437 648 561 733 prorius
576 647 634 715 effe
646 649 867 720 auotoritatem.
912 652 992 719 Sunt

65 783 99 833 et
118 769 177 833 alia
194 763 364 850 quaedam,
386 768 466 847 quae
486 761 638 846 afferunt,
661 772 860 850 argumenta,
882 784 920 833 ex
937 787 1011 849 ve*¹

61 892 164 948 terum
182 879 300 964 aliquot
315 877 394 945 locis
407 876 591 959 depromta,
613 888 712 961 quae,
734 896 807 946 cum
822 879 880 946 alia
888 883 992 950 omnia

60 995 229 1075 docerent,
252 991 384 1060 insuam
402 1006 502 1058 tamen
518 990 692 1057 sententiam
710 988 910 1063 detorserunt.
930 991 993 1063 sed

59 1111 101 1175 de
127 1109 176 1175 hia
198 1107 255 1175 suo
272 1109 344 1173 loco
362 1116 498 1192 agemus.
542 1096 630 1181 Rob.
648 1104 773 1189 quidem
789 1104 895 1176 Titius
911 1112 992 1181 Lot.

59 1239 204 1292 controv.
227 1240 288 1288 vn.
314 1236 346 1305 5.
370 1220 411 1288 fic
430 1222 590 1303 loquitur,
613 1232 648 1286 ut
664 1220 818 1305 prioribus
834 1226 924 1307 plura
938 1227 986 1294 vi·

62 1331 139 1403 diise
162 1334 318 1417 crederot,
349 1334 401 1403 sed
423 1335 504 1402 idem
529 1335 562 1402 in
577 1334 676 1423 Resp.
695 1334 744 1403 ad
758 1337 989 1408 Vtiliomarum

60 1466 128 1522 vu.
148 1468 179 1535 5.
202 1450 276 1517 talia
292 1447 428 1533 profert,
444 1468 482 1516 ex
497 1447 613 1532 quibua
627 1461 690 1515 non
705 1450 832 1520 absurde
848 1456 992 1542 colligas,

62 1575 137 1635 e‘um
156 1580 214 1650 pro
230 1544 324 1632 veteri
341 1563 443 1630 adhuc
460 1561 604 1629 sententia
621 1550 739 1644 ssetiiie.

109 1681 211 1747 Prima
235 1677 331 1765 igitur
350 1691 380 1743 et
404 1675 500 1744 solida
513 1677 581 1744 laus
598 1675 641 1742 est
653 1669 775 1749 Yvonis
794 1676 987 1770 Villiomari,

62 1794 132 1864 fite
143 1793 208 1880 Jos.
224 1789 389 1876 scaligeri,
411 1790 486 1876 qui,
509 1801 582 1858 tum
599 1808 686 1858 antea
703 1793 742 1858 ad
758 1795 879 1879 Festum
895 1796 994 1865 diter·

60 1910 129 1979 sam
154 1908 301 1974 rationem
327 1904 451 1972 securus
466 1903 558 1989 effer,
581 1907 612 1971 in
628 1906 710 1972 notis
725 1912 825 1973 tamen
839 1907 878 1973 ad
894 1909 993 1977 Locor

62 2021 282 2105 controversas
303 2014 382 2088 Titii
407 2030 518 2105 v11.5.
540 2020 717 2088 sententiam
734 2021 822 2106 plane
840 2024 994 2108 mutavit,

64 2148 101 2207 et
127 2139 253 2204 tutelam
278 2136 357 2203 inter
378 2152 409 2203 et
434 2137 612 2220 ratitum
639 2134 849 2221 distinguens,
881 2138 943 2206 h'oc
960 2139 995 2208 io

61 2260 180 2340 prora,
201 2253 283 2318 illam
299 2252 332 2318 in
349 2250 451 2337 puppi
467 2249 591 2332 statuit,
614 2260 645 2316 et
659 2265 769 2319 nomen
786 2259 880 2321 naves
895 2274 958 2323 non
976 2275 996 2323 a

62 2370 185 2450 tutela,
214 2367 265 2435 sed
289 2366 328 2433 ab
351 2355 460 2450 infigoi
483 2365 620 2449 accipere
644 2365 772 2452 docuit,
796 2369 992 2454 quodetiam

62 2483 174 2552 multis
193 2480 340 2549 adstruxit
367 2480 399 2546 iu
427 2471 530 2568 Opere
554 2467 735 2564 Eusebium
752 2502 790 2573 p.
806 2494 862 2570 qo.
887 2488 998 2573 copio-

62 2595 193 2678 sruaque
207 2594 428 2662 confirmarunt
444 2595 525 2660 Dan.
543 2595 686 2664 Heinfius
702 2600 752 2666 ad
763 2600 821 2670 Sil.
837 2603 907 2679 Ital,
924 2622 993 2674 xrv.

61 2720 142 2796 443.
186 2708 232 2778 Η.
259 2708 392 2777 Grotius
414 2711 451 2773 in
481 2708 873 2798 AousApp.xxv111.11.
912 2713 989 2800 Joh.

65 2822 219 2893 Seldeuua
242 2823 280 2892 dt
303 2816 379 2890 Diis
400 2816 489 2907 Syris
512 2830 550 2888 rt.
575 2843 604 2887 c.
626 2826 676 2890 16.
694 2834 733 2912 p.
751 2844 825 2907 279.
872 2828 907 2894 8.
932 2827 993 2895 Bo.

66 2938 197 3008 charus
220 2937 301 3026 Opp.
334 2937 422 3005 Tum.
454 2954 482 3005 1.
509 2952 546 3024 p.
572 2955 650 3017 7¹2·
679 2950 712 3005 et
726 2937 827 3006 Cerda
843 2939 882 3005 ad
898 2941 989 3028 Virga

64 3050 154 3124 Aen.
181 3072 216 3122 v.
244 3051 320 3138 663.
351 3071 385 3118 x.
410 3053 482 3120 166.
505 3066 536 3117 et
561 3063 634 3134 173.
658 3050 713 3134 qui
728 3066 829 3120 tamen
843 3050 931 3122 fateri
948 3052 993 3124 est

67 3168 220 3252 cortem,
249 3167 389 3233 tutelatia
412 3166 538 3260 numina
553 3163 719 3249 aliquando
735 3165 767 3233 in
784 3185 876 3252 prora
892 3169 992 3239 stdem

63 3281 217 3351 habuisse.
240 3308 243 3313 ·
269 3280 422 3349 Claudios
442 3283 535 3350 etiam
559 3279 724 3349 samafius
750 3278 874 3354 Exere.
903 3264 992 3358 orta.

60 3414 103 3488 p.
127 3417 204 3484 403.
239 3396 400 3483 Scaliger?
421 3394 598 3464 sententiam
624 3397 786 3465 maximam
811 3415 926 3483 partem
944 3398 993 3471 est

66 3513 249 3594 amplexus,
278 3510 352 3578 item
372 3509 449 3598 Joh.
476 3511 650 3578 Schefferus
674 3506 713 3581 dr
726 3512 808 3581 Mil.
825 3517 918 3587 Nar.
944 3519 989 3589 L.

63 3636 124 3698 ιιι.
152 3622 182 3689 o'.
207 3643 237 3717 r,
261 3635 438 3708 quanquam
456 3637 584 3708 uterque
597 3625 637 3692 de
651 3629 777 3711 proprio
793 3635 904 3699 tutelae
920 3631 993 3702 loco

63 3737 218 3829 pollulum
237 3739 361 3808 videtur
390 3738 549 3810 dubitaise.
603 3742 763 3829 Scaliger}
779 3745 904 3830 quidam
921 3748 992 3827 opi·

601 3850 636 3921 T
929 3855 997 3925 nio·
