2580 5146
264 365 313 434 ra
356 360 626 432 rrurrrtr
667 363 992 435 aprsrouar.
1052 391 1093 455 41

174 549 322 632 servatis,
348 549 480 617 immane
495 564 644 631 quantum
660 548 868 632 discrepabat,
892 551 930 615 de
949 552 1095 636 ponderi·
1196 544 1211 623 ,’

175 669 261 749 bus,
299 685 337 731 au
365 665 402 731 de
433 663 568 729 nummis
595 667 772 747 loqueretur
794 667 850 746 qui
873 670 1026 733 vocabula
1048 668 1100 733 illa

173 783 334 865 usurparet
387 779 473 845 Haec
491 792 648 860 comperta
666 777 755 858 suat,
777 797 877 861 neque
899 782 1044 862 exemplis
1058 780 1102 847 est

172 914 269 979 opus.
313 895 400 977 Ergo
416 909 621 975 opponuntur
640 891 690 957 hic
705 890 888 975 ὄιΣποθμὸρ
906 894 938 959 &
955 896 1100 989 υόροοορπρ

171 1025 207 1075 ut
229 1010 337 1092 paullo
362 1023 451 1074 aute:
479 1004 546 1074 'Ha
567 1009 599 1074 δὲ
613 1007 664 1073 nati
680 1012 744 1088 μυοῑ
759 1010 873 1089 πορθμοῦ
889 1035 923 1077 ra
938 1012 989 1078 καὶ
1002 1014 1103 1092 aruir·

171 1150 267 1207 ροπος
292 1124 405 1207 ἄνομος
437 1120 570 1202 &saepe
588 1120 660 1184 aiibi
676 1136 737 1186 tam
761 1121 980 1204 aprutinae,
1006 1143 1100 1206 quam

173 1240 256 1321 apud
277 1237 383 1304 Atros.
437 1239 564 1320 Σππτὶρρ
579 1236 694 1317 igitur,
725 1255 797 1301 cum
818 1234 856 1301 de
870 1236 1008 1302 Pondere
1022 1237 1103 1304 dici·

172 1366 244 1434 tur,
272 1350 429 1431 ualebat,
458 1351 521 1432 ait,
551 1356 631 1431 piria
654 1353 796 1433 trainam
826 1352 888 1418 hoc
905 1350 969 1435 est,
993 1354 1100 1436 aequi·

173 1466 363 1549 ponderabat
378 1464 494 1530 urinae:
520 1463 553 1527 id
570 1463 696 1544 probat,
734 1466 807 1546 quia
822 1470 854 1534 ἐν
869 1477 932 1543 τοῖς
947 1469 1098 1546 irruitur

173 1584 226 1660 rip
239 1587 320 1665 μοοῖρ
334 1588 394 1657 ric
407 1585 496 1664 ρρτῆς
510 1588 630 1663 πππῆροο
642 1580 850 1673 ὀνομάζουσιν,
872 1582 933 1647 hoc
948 1581 1012 1663 est,
1025 1581 1102 1665 quia

175 1701 262 1762 arina
286 1692 434 1779 ponderis
457 1693 525 1775 ipso
549 1695 672 1758 nomine
686 1697 800 1761 Stator
818 1713 835 1760 a
851 1695 1098 1780 ponderantibus

176 1824 350 1876 uocaretur.
401 1807 528 1893 Quippe
556 1805 578 1874 st
602 1806 682 1872 idem
706 1829 816 1880 nomen
833 1809 966 1891 habeat,
989 1811 1101 1877 habeat

179 1922 288 2005 utique
314 1919 442 1986 eundem
466 1921 631 2000 valorem,
663 1938 698 1988 ut
712 1923 838 1988 barbare
853 1923 966 1988 dicam.
1014 1923 1100 1993 Tum

177 2036 264 2103 aliud
290 2032 406 2119 profert
417 2051 629 2121 argumentum
645 2054 682 2101 ex
701 2037 915 2112 Ἱπποκράτους
931 2041 1040 2118 poitae
1056 2035 1104 2103 fa·

178 2152 274 2230 buia,
297 2147 352 2231 qui
369 2166 443 2215 voce
458 2152 698 2232 πευποιπποὶτπρον
716 2148 772 2235 (de
789 2132 940 2232 pondere)
958 2169 1015 2232 pro
1031 2176 1106 2219 που·

176 2266 305 2349 eripitur
329 2261 398 2329 usus
424 2263 487 2347 est3
510 2285 584 2349 ergo
611 2264 703 2331 stater
726 2263 807 2329 idem
831 2282 867 2330 ac
889 2264 993 2331 Mina.
1039 2265 1102 2332 Sed

176 2400 231 2465 pro
247 2377 461 2460 Ἱπποκράτους
475 2380 593 2463 corrige
610 2381 657 2445 vei
678 2381 809 2464 Κροὶπους
826 2382 879 2464 (ut
890 2383 963 2448 alibi
973 2382 1100 2465 Pollux,

177 2497 228 2563 ubi
253 2496 341 2560 hunc
362 2494 462 2576 ipsum
488 2497 594 2560 iocum
620 2495 715 2576 citat,
745 2497 826 2576 vel,
859 2512 894 2562 ut
920 2497 964 2563 ibi
989 2496 1101 2566 Codex

177 2608 362 2688 Voffianus,
391 2608 484 2691 cujus
507 2609 662 2675 leeiiones.
680 2609 830 2675 variantes
858 2612 978 2693 habe0‚
1003 2627 1102 2683 Σοου·

168 2724 326 2815 ρώπους)
343 2723 391 2788 vel
409 2722 537 2807 propius
555 2725 593 2787 ad
611 2727 766 2807 vulgatam
783 2727 1104 2795 hicleiiioneur’Em·

176 2841 322 2922 προὶπουρ,
360 2836 413 2918 qui
453 2836 556 2920 paffinr
582 2839 762 2920 Athenaeo,
792 2840 920 2921 aliisque
946 2839 1101 2908 laudatur.

178 2953 328 3036 Sequitur
349 2950 412 3033 ipse
437 2955 527 3018 locus
552 2953 590 3017 ad
609 2954 739 3038 Jambos
763 2971 781 3016 a
802 2953 893 3017 nobis
912 2951 1003 3033 supra
1019 2950 1107 3016 reda·
1213 2940 1215 2944 ⁴

178 3069 269 3151 stu33
298 3064 349 3131 sed
373 3063 459 3131 versu
481 3065 616 3131 secundo
640 3087 697 3151 pro
712 3071 817 3145 εἰδὼς,
839 3067 903 3149 lege
917 3067 1021 3142 εἰωθὼς
1036 3093 1105 3151 πρυ.

175 3189 261 3270 Φᾷυ·
282 3180 429 3247 sententia
442 3178 506 3261 est,
529 3180 562 3246 Si
581 3181 651 3262 quis
666 3200 704 3246 ex
722 3184 811 3265 plebe
826 3180 878 3245 illa
898 3183 1034 3261 urbana,
1058 3184 1102 3248 al.

174 3296 237 3364 bus
264 3296 296 3362 ἃ
323 3295 389 3361 Soli
411 3294 568 3375 insuetus,
601 3295 746 3378 pinguis,
773 3294 877 3378 piger,
900 3295 1036 3360 luxuriae
1052 3297 1107 3361 de.

175 3410 283 3492 ditus,
312 3409 362 3475 vel
382 3407 562 3477 leviffimum
579 3410 712 3491 ligonem
733 3411 786 3475 vix
804 3411 941 3492 quinque
958 3408 1104 3478 librarum

175 3522 312 3608 pondere
342 3521 490 3605 sustulit,
530 3522 628 3589 statim
658 3524 791 3589 atthalus
818 3523 852 3590 iit
878 3522 908 3588 δι
930 3524 980 3590 ilia
1007 3526 1105 3602 ducit.

177 3647 250 3705 ΛΝ
263 3649 297 3706 n
319 3638 480 3717 piaverunt,
506 3653 541 3703 ut
559 3638 708 3703 Horatius
724 3637 845 3704 noster:
876 3639 1106 3712 SVBLIMI

100 3792 106 3805 -
166 3751 284 3848 fugiet
309 3752 413 3825 mollis
436 3753 604 3835 arrhelitu,
635 3752 720 3836 quod
749 3753 804 3818 Vir
827 3774 978 3841 maguus,
1004 3753 1107 3836 julina

677 3866 749 3957 C5
1035 3860 1111 3932 sca«
