2580 5146
332 330 415 401 ou
477 327 808 403 onnucrn
872 334 934 405 oc.
1055 344 1104 427 ‚⁸9

179 524 216 588 in
244 536 365 586 omnem
391 515 556 583 Graeciam
579 517 707 598 profecti
735 516 825 599 sunt,
849 534 967 584 utrum
985 519 1107 591 incline

179 635 310 702 Solonis
327 635 428 716 leges,
451 646 519 695 tum
537 630 663 698 aliarum
682 631 844 696 civitatum
864 652 964 698 mores
982 635 1103 703 miiitu-

183 765 282 832 taque
295 745 531 831 cognoscerent,
556 746 748 828 &descripta
763 746 891 809 domum
906 748 1104 829 asportarent.

175 863 234 932 Ex
265 861 378 947 quibus
409 859 574 926 maximam
600 877 716 942 partem
740 860 889 925 conflatae
914 862 984 926 sunt
1005 863 1108 948 Legna

175 978 251 1049 ΧΗ.
282 975 498 1054 Tabularum,
530 992 661 1055 quarum
685 989 771 1069 tanta
795 973 1003 1057 desumptis,
1026 976 1107 1045 &in

174 1089 271 1159 veteri
284 1090 354 1173 jure
363 1087 510 1153 Romano
523 1087 739 1170 cognoscendo
760 1088 887 1155 utilitas.
911 1090 992 1155 Sunt
1009 1091 1105 1175 igitur

176 1200 346 1269 duodecim
357 1199 500 1266 Tabulae
508 1199 579 1266 sons
589 1201 690 1267 omnis
698 1203 815 1286 publici
825 1203 999 1286 privatique
1006 1206 1099 1290 juris:

177 1316 351 1383 duodecim
373 1313 565 1383 Tabularum
583 1314 655 1381 sona
670 1315 862 1383 Graecorum
880 1318 985 1401 leges,
1004 1319 1105 1386 Arbe-
1143 1328 1156 1343 ·

175 1428 330 1499 niensium
352 1429 495 1494 manime.
547 1428 602 1495 Est
623 1446 725 1496 autem
741 1433 792 1498 ilia
802 1430 922 1515 Regum
942 1432 1103 1517 &princi-

175 1530 255 1632 pum
279 1544 418 1611 virorum
443 1541 615 1608 administra
638 1542 669 1609 dc
692 1563 819 1628 comes,
850 1546 1005 1630 Politica,
1035 1551 1102 1633 pri.

175 1679 264 1728 mum
280 1678 299 1725 a
312 1659 461 1742 Platone,
484 1676 558 1724 mox
572 1657 611 1722 ab
619 1657 802 1741 Aristotele,
825 1658 865 1724 ad
877 1661 987 1744 iustam
1005 1662 1096 1730 disci·

173 1775 279 1862 plinae
299 1771 431 1840 sormam
457 1787 611 1847 reuocata.
663 1769 807 1857 Quorum
827 1774 974 1856 posterior
989 1772 1099 1843 fi'nut·

172 1893 242 1983 ium
264 1886 348 1954 aiud
371 1886 484 1971 ingenii
508 1886 729 1953 monimentum
754 1888 962 1956 condidisset:
993 1904 1099 1962 extant

174 2019 281 2075 autem
305 2003 394 2086 plura
409 1999 550 2086 singulari
568 1999 728 2085 sagacitate
747 1997 779 2066 dt
795 1999 946 2082 exquisita
959 2002 1101 2069 diversio·

172 2118 321 2188 finarum
344 2134 442 2181 rerum
468 2115 592 2181 scientia
618 2109 783 2194 confecta,
807 2129 886 2194 quae
902 2114 1098 2198 ejnsfamam

173 2234 249 2303 satia
266 2226 417 2298 tuenturt*
431 2229 505 2296 solis
522 2228 622 2296 aurcis
641 2226 680 2292 de
696 2226 831 2311 optimae
848 2227 1033 2311 reipublicae
1048 2232 1098 2299 in·

174 2346 334 2415 stitutione
348 2345 433 2410 libris
449 2363 560 2410 nomen
577 2344 664 2409 suum
682 2341 721 2406 ad
737 2342 971 2412 immortalitatis
982 2366 1099 2415 memo·

172 2466 254 2533 riam
275 2458 484 2528 consecrasset.
534 2457 596 2524 Sed
618 2474 723 2523 cavete
747 2457 798 2523 bic
824 2459 914 2526 vobis
939 2462 1098 2534 doctorem

172 2575 384 2646 umbraticum
400 2573 502 2637 animo
522 2572 664 2656 fingatis,
681 2572 840 2639 abdentem
852 2575 1094 2647 selitcrarumla·

171 2693 294 2773 tebris,
317 2689 450 2774 &gravi
465 2706 536 2754 cum
552 2687 712 2769 supercilio
729 2687 868 2772 Regibus
886 2693 1095 2778 prlocipibura

174 2827 239 2892 que
265 2805 361 2885 vitis,
394 2822 475 2886 quos
501 2822 660 2885 nunquam
683 2803 906 2884 frequentauit,
929 2808 1008 2888 leges
1022 2807 1096 2871 scri·

172 2926 248 2991 bere
271 2919 391 2985 ausum.
443 2918 564 2984 Etenim
591 2915 759 3000 politissimi
776 2916 821 2981 vir
837 2915 948 2997 ingenii
963 2919 994 2982 in
1012 2920 1099 2986 auiae

172 3043 248 3105 iure
272 3053 308 3100 ac
335 3032 491 3116 splendore
516 3031 616 3111 vixit,
648 3030 789 3097 maximis
817 3030 917 3094 omnis
937 3031 1097 3101 memoriae

174 3151 324 3236 regibus,
353 3147 497 3229 Philippo
520 3144 551 3210 dc
574 3144 749 3209 Alexandro
762 3142 878 3208 summa
895 3143 1097 3216 stertiliaritate

173 3266 383 3351 conjuusiur,
400 3264 594 3343 multumque
610 3257 743 3324 versatus
760 3277 831 3322 cum
852 3259 1030 3326 ministris&
1042 3261 1097 3328 ad-

171 3381 331 3468 jutoribus
351 3376 561 3442 confisiorum.
584 3374 725 3456 Ecquem
747 3373 840 3455 igitur
853 3373 1098 3455 putetismafer.

175 3497 270 3561 rimas
285 3492 453 3559 aulicorum
471 3506 570 3571 artes,
582 3507 790 3570 arcanasque,
803 3488 917 3568 quibus
936 3506 1026 3572 regna
1041 3491 1099 3558 ad«

176 3604 399 3688 ministrentur,
423 3605 555 3669 rationes
580 3606 627 3670 vei
643 3601 793 3685 indagasse
811 3601 969 3685 sagacius,
988 3608 1035 3670 vei
1050 3621 1096 3673 tce

173 3719 274 3803 puisse
290 3720 420 3805 tostius,
444 3722 493 3785 vei
512 3718 602 3785 literis
621 3715 783 3800 prodidisse
800 3718 1001 3785 accuratiori
1022 3718 1096 3784 Pers

659 3830 683 3910 s
706 3847 725 3913 s
995 3827 1094 3909 spent
