2580 5146
313 340 554 431 canna
605 343 974 420 nnncrnra.
1044 364 1107 440 ut

170 521 352 602 Honorinm
378 531 434 598 iibi
459 530 688 615 transigendum
713 531 815 599 duxit.
859 535 904 602 At
918 535 991 618 iile,
1014 534 1103 619 quod

173 653 274 717 dicere
292 651 352 716 fere
367 650 484 734 pudet,
504 664 628 715 tantum
644 648 698 714 fibi
712 650 746 715 in
762 650 915 718 Placidiae
933 670 1036 719 amore
1054 655 1102 722 in·

174 765 291 845 duistt,
309 781 344 830 ut
360 765 513 830 ardentius
530 765 611 830 illam
628 763 906 849 frequentiusque,
925 787 961 833 ac
979 767 1103 838 fratrem

174 881 324 960 decebat,
347 880 537 960 osculando,
559 879 675 962 perdite
693 882 800 946 multia
818 898 917 948 amare
933 885 1099 959 videretur.

174 1000 237 1064 Sed
264 999 341 1063 idem
367 997 416 1060 ilie
434 1013 540 1073 amor,
565 1011 754 1075 quamquam
772 1009 835 1060 etat
855 999 954 1061 multo
972 997 1101 1080 flagrm

170 1110 326 1194 tiffimus,
354 1124 456 1175 tamen
484 1107 590 1187 brevi,
623 1122 656 1171 ut
682 1105 737 1188 fit,
769 1107 800 1174 in
825 1109 980 1176 summum
1009 1101 1104 1192 euasit

159 1226 296 1318 odium.
349 1225 434 1290 Nam
460 1222 622 1308 Spadusa,
654 1237 746 1307 atque
772 1224 920 1308 Elpidia,
951 1227 1104 1294 Placidiae

173 1346 300 1426 nutrix,
332 1352 411 1426 quae
436 1336 603 1425 plurimum
629 1353 696 1404 tunr
726 1339 822 1423 gratia
838 1355 980 1424 poterat,
1002 1343 1107 1411 Leon-

176 1479 257 1545 teo,
289 1462 447 1547 Augustae
469 1476 647 1539 curatore,
684 1460 898 1529 audontatem
923 1465 1108 1551 adiungente

176 1578 286 1660 suam,
305 1594 408 1644 tantos
427 1575 596 1643 discordiae
612 1590 716 1641 motus
733 1577 898 1645 Rauennae
914 1583 1107 1650 excitarunte

178 1710 278 1763 utres
295 1698 427 1781 primurn
445 1696 485 1761 ad
504 1694 703 1778 seditionem,
727 1696 835 1763 deinde
854 1697 892 1764 ad
911 1703 973 1767 vim
994 1703 1110 1786 spetia-

182 1821 214 1878 're
228 1813 393 1878 uideretur·
435 1811 537 1878 Gothi
552 1827 654 1894 certe,
679 1812 733 1896 qui
750 1787 818 1878 turn
836 1813 939 1881 adhuc
955 1813 1108 1882 Placidiae

184 1929 274 1995 causa
290 1928 393 1994 omnia
407 1929 571 2010 volebant,
595 1941 631 1994 ut
655 1945 739 1994 etant
755 1930 883 2012 ingeniis
900 1931 1108 2012 turbulentis,

184 2069 258 2113 cum
282 2045 432 2113 Romanis
456 2045 618 2112 identidem
638 2047 706 2111 sunt
725 2023 884 2129 digladiati
902 2047 992 2127 (α)
1037 2045 1108 2112 Nec

182 2163 312 2253 desunt,
344 2163 466 2247 quibua¹
483 2178 550 2229 turn
574 2141 884 2227 praedamnaret
901 2158 1024 2225 insidias
1040 2160 1110 2226 Ho-

180 2279 271 2344 norio
293 2277 446 2344 tetendiffe
470 2293 501 2344 et
517 2277 716 2343 barbarorum
736 2274 866 2358 copias,
890 2288 1038 2358 tanquam
1056 2273 1108 2342 fu·

180 2400 265 2460 turas
289 2392 346 2458 sebi
374 2391 600 2470 auxiliatrices,
623 2388 783 2457 advocasse
799 2391 884 2475 (b).
930 2391 1014 2458 Cum
1035 2409 1108 2456 veto

181 2512 343 2578 Honorius
368 2509 504 2592 superior
530 2507 653 2588 fadus,
685 2506 892 2589 principatum
923 2507 1011 2573 suum
1027 2509 1114 2587 obti,

181 2645 285 2711 neret,
314 2627 483 2695 Placidiam
508 2624 727 2713 Asclepiodoto
757 2639 788 2691 et
814 2627 1014 2694 Mariniano
1029 2617 1109 2712 Coff.

1000 2741 1047 2809 A.
1067 2741 1106 2808 C.

221 2910 296 3000 (a)
316 2921 539 2998 olympiodorus
559 2932 588 2986 in
603 2927 714 3003 Eciogir
728 2911 920 2999 Historiarum
933 2934 967 2997 p.
979 2935 1044 2995 152.
1064 2919 1109 2982 ed

181 3019 281 3088 Vterer.

199 3123 201 3127 ¹
224 3130 294 3210 (h)
315 3134 437 3206 Prosper
445 3133 601 3206 Aquitanus
616 3141 646 3193 e'rr
657 3134 792 3195 Chronico
801 3132 860 3190 Ana
870 3128 994 3188 Hortarii
1002 3128 1108 3191 XXXIa

182 3237 333 3307 Placidia,
359 3236 468 3309 inquit,
496 3258 557 3297 cum
583 3240 694 3318 infidias
715 3240 817 3311 fratri
835 3232 985 3303 tenderet,
1014 3233 1109 3308 depre-

182 3337 271 3410 hensa
286 3338 342 3412 est,
363 3337 398 3404 δυ’
409 3341 672 3421 Constantinopolim
690 3346 775 3402 exilio
792 3340 934 3413 delegata.
954 3337 1110 3400 Cassiodor·

183 3445 214 3498 in
243 3440 377 3503 Chronico
404 3447 594 3523 Asclepiodoto
621 3447 651 3510 &
676 3450 847 3508 Marinianu
874 3442 939 3521 Crffi
967 3443 1020 3503 His
1047 3442 1113 3521 Ceffi

185 3544 294 3615 inquit,
318 3549 447 3610 Placidia
475 3555 551 3628 Aug.
578 3575 597 3612 a
616 3554 721 3630 fratre
744 3549 868 3613 [donorio
886 3550 919 3608 ob
931 3547 1115 3626 suspicionem

187 3651 380 3712 factitatorem
404 3655 536 3730 hostium,
566 3677 626 3716 cure
641 3659 772 3717 Honorio
792 3655 827 3722 ἔθ’
845 3657 1065 3727 Valentiniano,
1074 3643 1112 3727 ᾖ·

185 3754 255 3827 liis,
275 3754 320 3815 ad
331 3758 475 3821 Orientem
492 3767 634 3823 mittitur.
674 3761 899 3837 Olympiodorue
914 3760 935 3818 i.
949 3777 974 3820 r.

636 3864 670 3932 N
693 3887 713 3933 a
