2580 5146
143 386 339 460 TUTELIS
359 385 423 458 ET
443 383 699 456 INSIGNIBUS
720 385 916 460 Nuvlutn
940 391 1000 459 261

78 572 210 643 Sidonio
231 572 360 641 ostendit
370 573 445 659 Joh.
460 573 641 640 Swiutonua
656 575 693 637 in
708 570 832 655 differt.
854 573 893 640 de
909 595 998 641 num.

80 695 217 759 Samot.
241 703 273 755 ct
295 690 411 756 Phoco.
439 703 476 776 p.
495 689 550 754 60.
605 686 779 753 conciliare
796 702 897 752 tamen
913 687 993 768 hos,

84 825 167 888 quos
185 802 327 883 laudavi,
349 801 511 883 scriptores
526 813 658 866 conatur
674 819 745 865 cum
758 799 918 866 Herodoto
936 801 1001 867 Sel·

80 920 200 998 donus,
229 918 252 983 l.
273 934 302 984 c.
331 930 366 980 ut
387 914 501 980 scilicet
525 930 654 997 utraque
674 933 743 996 pars
762 915 848 979 navis
864 931 999 981 extrema

79 1034 210 1101 Pataeco
227 1029 320 1097 suerit
336 1027 573 1113 conspicienda,
592 1029 647 1111 qui
663 1028 694 1094 in
709 1027 808 1111 puppi
823 1042 932 1111 tutor,
947 1028 1001 1098 seu
1139 1078 1142 1086 .

79 1149 166 1215 Deus
190 1148 415 1225 Auerruncus,
445 1142 476 1208 in
491 1161 581 1226 prora
598 1158 698 1208 autem
713 1143 801 1207 navis
820 1141 933 1227 insigne
951 1144 1017 1220 fo·-

81 1273 139 1326 ret.
192 1259 380 1339 Enimuero,
411 1274 483 1321 cum
506 1255 643 1336 constet,
673 1257 756 1322 illam
773 1256 1002 1325 Grammatico·

81 1393 150 1439 tum
170 1371 296 1456 glossam
317 1390 355 1438 ex
378 1388 445 1453 ⁸uno
467 1368 585 1436 fluxisse
602 1369 784 1451 Herodoto,
807 1370 898 1438 simul
911 1373 1003 1441 etiam

82 1486 200 1570 liquet,
229 1487 467 1569 illoenpduvnnr
484 1503 540 1567 pro
554 1486 679 1569 rudpret
699 1485 839 1552 mendose
856 1487 1003 1571 scriptum

81 1602 114 1668 in
138 1601 200 1667 suis
222 1598 375 1665 Herodoti
398 1599 559 1664 codicibus
574 1599 735 1680 invenisse,
759 1615 851 1682 atque
866 1602 941 1668 adeo
956 1623 1004 1669 er·

82 1717 216 1782 cantium
239 1713 520 1782 Grammaticorum
543 1715 658 1781 nullam
683 1713 853 1785 habendam
877 1714 934 1781 else
956 1735 1005 1783 ra·

83 1831 212 1896 tionem.

126 1941 247 2010 Pataeci
270 1942 362 2026 igitur
385 1943 511 2009 suerunt
527 1941 652 2006 nuvium
668 1955 787 2008 tutores
802 1955 833 2007 et
848 1941 901 2009 Dii
917 1961 1014 2018 aven,

83 2058 194 2125 runci:
217 2056 272 2123 nist
287 2058 357 2140 quia
373 2071 473 2123 tamen
492 2057 578 2122 malit
587 2055 735 2122 Pataecos
749 2057 921 2139 explicare,
936 2070 1017 2151 tm·¹

85 2190 180 2256 quam
207 2169 289 2254 signa
307 2169 457 2254 quaedam
475 2167 601 2252 publica
618 2171 797 2237 auctoritare
815 2169 1004 2253 constituta,

84 2285 213 2368 quibus·
229 2283 344 2350 seilicet
367 2284 548 2350 Phoeniciae
565 2286 603 2351 ab
619 2285 745 2350 aliarum
767 2285 903 2369 gentium
919 2285 1015 2362 navit
1099 2287 1101 2289 ’

81 2400 143 2466 bus
164 2397 437 2496 diffingueoentu13
462 2400 566 2480 qualia
583 2397 666 2483 stgna
681 2401 847 2483 peculiaria
865 2402 1016 2483 penituss

82 2533 145 2599 que
165 2532 183 2579 a
198 2492 295 2580 tutela
310 2526 341 2578 et
357 2512 512 2597 parasemo
523 2512 638 2580 diversa
654 2514 742 2583 fuisse
758 2517 1011 2599 purarsdreffer.

84 2629 125 2697 dc
145 2628 227 2696 Mis.
254 2629 348 2694 Nar.
366 2629 422 2694 ΙΙΙ.
440 2649 471 2693 a.
506 2643 536 2694 et
559 2627 820 2711 quemadmodum
836 2637 1006 2718 παρασήμῳ

83 2743 221 2829 ejusdem
239 2743 350 2827 populi
364 2743 485 2826 navigia
502 2742 770 2826 discemebantur‚
787 2745 828 2810 stc
842 2749 933 2812 etiam
944 2746 1005 2812 hoc

83 2861 195 2943 σημείῳ
211 2857 395 2955 diuersarum
413 2858 548 2941 gentium
564 2876 658 2923 naves
679 2857 829 2940 dignosci.

127 2972 283 3055 Equidem
307 2970 426 3053 sateor,
460 2973 606 3043 'nerstein
621 2974 770 3054 σημείων,
793 2969 908 3051 quibus
923 2969 1007 3037 Cha·

84 3086 191 3167 briars
218 3085 448 3154 Atheniensium
474 3086 657 3170 imperator,
689 3085 758 3150 suas
783 3101 876 3148 navet
891 3102 1014 3167 cogno·

84 3201 210 3286 scebat,
240 3200 425 3267 mentionem
452 3200 552 3266 facere
573 3202 761 3284 Polyaenum
786 3201 934 3285 Strateg.
949 3199 1007 3267 ΙΙΙ.

87 3335 153 3396 11,
182 3335 234 3382 11.
265 3313 457 3397 eundemque
479 3318 618 3398 nepotulo
643 3324 761 3396 σημεῖον
779 3311 866 3380 vlll.
887 3332 952 3398 53,
976 3333 1007 3381 1.

87 3431 179 3512 quale
196 3448 268 3495 cum
276 3429 398 3496 Graeco
414 3430 521 3495 habuit
531 3422 690 3495 Artemisra
706 3428 792 3495 Vlll.
806 3447 860 3511 53.
880 3448 911 3512 3.
924 3447 1015 3508 com-A

87 3560 277 3628 memorare3
299 3557 479 3609 nontamen
497 3543 568 3609 inde
585 3545 661 3609 nrihi
680 3542 855 3627 persuadere
873 3542 1011 3626 possum,

87 3655 166 3722 haec
187 3654 309 3740 figura
334 3659 525 3724 Graecorum
550 3659 739 3742 παρασήμοις
762 3656 850 3723 fuisse
881 3658 985 3725 divers
999 3701 1011 3725 .

88 3768 152 3844 Sed
185 3768 298 3846 horum
322 3773 444 3857 plenius
469 3771 698 3844 tractandorum
724 3774 756 3858 ς.
786 3792 860 3842 111.
892 3770 1018 3848 occasro¹
1102 3792 1104 3798 ·

547 3884 580 3958 R
603 3904 622 3975 ³
959 3879 1016 3954 erit
