2580 5146
252 317 335 392 nu
397 309 899 390 nnutnnottrs.
974 340 1035 406 σοι

114 504 240 594 publice
262 504 340 574 dixit
363 517 448 571 tenta
473 504 505 572 vi
527 504 739 587 eloquentiae,
768 519 804 570 ut
831 502 1034 588 Thucydides

110 624 199 690 illum
221 620 336 704 optime
361 618 521 701 omnium,
551 618 590 683 ad
615 619 698 685 suam
714 636 814 700 usque
830 619 1032 703 memorIam,

111 737 224 820 capitis
240 731 372 801 causam
391 730 652 812 dixissesateatur.
676 733 850 798 Accusatus
866 731 1033 814 est,Thu·
1066 705 1070 716 ¹

108 848 223 934 cydide
238 847 329 927 teile,
340 845 426 928 quod
440 865 612 929 paucorum
621 846 811 912 dominatum
820 844 1032 913 constituillctt

103 967 156 1033 καὶ
171 962 264 1038 assde
281 988 316 1030 τε
332 961 431 1035 ἐπειδὴ
447 964 489 1030 τοὶ
505 966 564 1029 τῶν
577 962 769 1044 τετρακοσίων
783 963 813 1026 ἒν
828 960 919 1043 seips
933 985 1032 1042 μεσον·

104 1079 235 1148 πεσόντι
258 1079 316 1144 ὑπὸ
337 1081 389 1144 τοῦ
410 1075 504 1155 δῆμον
522 1077 681 1154 ἕκοοκοῦτο,
704 1074 951 1160 ἄροςκφοοίνετκν
968 1079 1030 1157 τῶν

103 1193 209 1276 μέχρις
231 1193 304 1272 ἐμοῦ
321 1191 394 1272 ὑπὲρ
410 1192 509 1258 adedo
521 1187 634 1255 τούτων
647 1188 771 1268 αἰτίοις,
788 1191 825 1264 ὦς
839 1189 1037 1271 imperatrices-³

102 1333 158 1388 σε,
187 1304 312 1373 detritae
334 1306 414 1380 δίκην
429 1301 704 1382 ἀπολογησάμενος.
747 1302 783 1367 In
798 1301 863 1385 ipsa
877 1322 950 1368 vero
968 1321 1028 1388 pu·

100 1419 182 1486 blica
209 1415 473 1484 condemnationis
495 1413 652 1495 formula,
686 1433 779 1496 quam
802 1435 840 1482 ex
864 1409 1024 1501 Caecilio,

100 1551 213 1618 magno
230 1532 324 1616 hujus
340 1529 481 1596 historiae
494 1529 599 1608 bono,
621 1527 810 1596 conservavit
824 1531 1024 1616 Plutarchus,

99 1647 263 1714 damnatus
280 1644 413 1727 dicitur,
438 1641 524 1725 quod
541 1641 635 1708 exitio
650 1644 835 1726 reipublicae
850 1648 968 1732 legatus
983 1634 1024 1713 ad

98 1759 362 1828 Lacedaemonios
387 1755 546 1842 proiectus
560 1755 652 1838 eset,
675 1774 705 1823 et
721 1777 737 1822 e
754 1756 858 1823 castris
873 1761 946 1826 navi
964 1762 1023 1827 ho·

99 1871 159 1939 stili
184 1870 322 1955 abiisset,
337 1886 381 1951 ‚et
404 1890 459 1956 per
482 1870 642 1938 Deceleam
660 1871 715 1936 iter
728 1869 864 1938 terrestre
881 1872 1021 1956 fecisset,

94 2002 192 2070 atque
207 1985 283 2052 adeo
296 1984 424 2070 patriam
436 1985 520 2051 suam
536 1981 725 2067 prodidisset.
769 1983 870 2050 Poena
885 1985 940 2068 ipsi
954 1987 1023 2055 lon.

96 2122 135 2188 ge
153 2099 333 2167 atrocissime
347 2097 513 2166 constituta
529 2095 594 2178 est,
617 2110 653 2163 ut
668 2095 812 2162 undecim
830 2097 904 2164 viris
923 2099 1021 2166 trade·

94 2230 200 2298 retur,
223 2215 305 2280 bona
318 2213 384 2300 eius
397 2212 648 2298 publicarentur,
670 2210 758 2278 aedes
773 2211 837 2279 solo
856 2231 1020 2298 aequarem·

93 2345 167 2413 tur,
189 2328 280 2396 titulo
296 2325 680 2410 aediuminatcaposrto,
702 2346 1018 2398 turtunensis

93 2461 399 2523 enoursorus,
430 2455 466 2506 ut
489 2459 588 2523 neque
613 2441 748 2507 Athenis·
764 2462 864 2526 neque
891 2445 1019 2512 interra
1095 2503 1097 2506 ,
1201 2450 1207 2468 ’

93 2560 201 2627 Attica
221 2557 416 2642 sepeliretur,
444 2570 480 2622 ut
502 2575 566 2622 non
591 2555 686 2622 modo
707 2555 770 2640 ipse
783 2557 906 2625 infamis
920 2559 1015 2645 esset,

92 2673 143 2740 sed
167 2689 275 2738 omnes
297 2670 388 2736 etiam
402 2688 440 2736 ex
456 2670 596 2753 eonati,
618 2669 680 2737 sive
698 2671 827 2756 legitimi
841 2671 954 2755 essent,
976 2673 1014 2740 sr-

91 2808 132 2855 ve
154 2787 270 2871 spurii,
300 2799 336 2850 ut
359 2783 485 2850 infamia
512 2803 638 2868 quoque
653 2799 828 2866 notaretur,
853 2787 907 2867 qui
922 2805 1015 2868 quem

89 2901 280 2986 posterorum
297 2898 498 2982 Antiphontis
517 2884 684 2983 aidoptaret.
729 2900 776 2964 De
792 2916 908 2981 poenae
923 2917 1015 2982 gene·

88 3036 121 3082 re
144 3015 221 3082 nihil
241 3013 334 3080 habet
357 3012 584 3097 Thucydides,
606 3013 686 3080 forte
704 3030 767 3078 tem
783 3011 859 3077 adeo
877 3026 1012 3082 atrocem

87 3130 126 3197 de
140 3127 288 3197 industria
302 3125 419 3193 silentio
432 3129 694 3210 praetermittens,
718 3140 753 3191 ut
769 3124 913 3209 magistro
927 3127 1005 3194 bene

86 3244 126 3310 de
141 3244 169 3310 se
188 3244 296 3311 merito
310 3240 541 3326 gratificaretur.
586 3243 675 3328 Quae
690 3221 858 3325 probabilis
875 3237 918 3304 est
933 3257 1011 3308 con·

81 3359 201 3450 jeiiura
215 3357 390 3423 Marcellini
402 3360 438 3420 in
452 3362 524 3422 νοοο
540 3354 681 3442 Thucyd.
702 3369 736 3442 p.
754 3374 789 3437 4.
820 3352 865 3421 iri
882 3355 913 3422 δὲ
924 3356 1009 3437 used

83 3475 137 3541 ede
158 3474 281 3542 θάνοντον
304 3471 511 3555 τιμωρούμενον
531 3473 584 3539 τὸν
598 3471 793 3556 ’Λνσοφῶντοο
809 3469 836 3535 οἱ
857 3467 1009 3549 Ἀθηναῖοι

80 3586 201 3669 ilicibus
228 3586 262 3668 ἔξ
284 3614 306 3655 ον
334 3594 389 3663 τοῖς
414 3586 527 3661 πόλεως
546 3586 580 3652 τὸ
604 3592 713 3667 σῶμα,
744 3583 944 3666 recidentes,
966 3588 1007 3663 cia

80 3699 253 3801 δοδοοτκέλφ
266 3701 468 3789 χοιροζομενος.
487 3699 541 3765 ubi
557 3697 711 3780 sequentia
726 3698 842 3782 verba,
857 3712 1007 3786 tanquam

616 3812 648 3900 Q
963 3808 1011 3876 in·
