2580 5146
245 355 438 432 ‘nunnus
460 357 524 428 or
544 347 795 430 utsrcmmus
816 341 1011 432 numum.
1035 380 1095 448 ψ

223 547 414 624 illentiouem
432 544 508 614 facit
522 544 692 628 Gregorius
707 543 919 612 frumentariae
933 546 972 612 ab
993 548 1098 630 Aegy·

176 676 235 747 pto
259 659 378 743 elalius,
413 678 490 741 quae
516 658 704 744 subsidium,
730 672 766 724 ut
790 659 875 744 prius
892 660 1033 743 Romae,
1055 661 1099 725 ita
1205 657 1209 671 ’

178 773 285 861 postea
298 774 358 842 fuit
372 773 534 858 Byzantii,
557 790 649 855 atque
663 792 700 839 ex
717 790 753 837 ea
767 791 861 840 naves
878 773 1026 856 quasdam
1040 792 1099 839 no·

178 889 276 956 minat
301 889 437 955 Deorum
454 888 679 971 Aegyptiorum
696 887 872 952 nominibus
887 902 1096 970 nuncupatas.

175 1004 227 1072 Ex
241 1002 289 1067 his
304 1001 466 1085 Ammon,
489 1003 736 1088 Harpocraten,
762 1002 887 1067 Anubis
904 1017 996 1084 atque
1007 1001 1112 1068 etiam.

174 1117 394 1184 Hermanubis
417 1135 457 1184 en
480 1115 707 1201 Aegyptiorum
735 1114 929 1198 mythologia
955 1113 1099 1183 notilllmi

172 1225 264 1314 sunta
287 1229 338 1296 sed
355 1229 479 1314 prorsus
492 1229 613 1315 ignoti,
636 1229 837 1316 Aparnnton,
859 1230 1011 1315 Stippas,
1033 1229 1101 1295 lto«

178 1344 256 1413 don.
301 1345 462 1427 Corrupto
478 1341 596 1409 nomini
603 1341 775 1424 Ἀτάμμων
791 1342 950 1425 quomodo
967 1342 1101 1426 medear,

172 1478 259 1525 nunc
287 1479 352 1528 non
379 1456 517 1526 invenio.
577 1456 780 1541 Reliquorum
814 1471 897 1525 certa
926 1455 1100 1525 emendatio

173 1566 250 1635 haec
269 1569 334 1639 elit

177 1806 375 1890 runnu.
403 1806 666 1880 annuorum,
694 1807 946 1882 urnournz,
975 1808 1101 1869 mura·

220 1924 297 1983 un:
319 1912 362 1981 τ’
383 1922 528 1984 mnu.

181 2142 265 2211 Mox
290 2159 346 2226 pro
366 2143 498 2218 κννῶδεις
520 2140 654 2223 lalpovea
677 2137 774 2206 scribe
797 2138 934 2215 monere
949 2137 1100 2222 δαίμονεςέ

177 2258 299 2326 Mirum
314 2256 438 2339 luisset,
461 2253 482 2322 ll
498 2256 529 2320 in
545 2252 769 2339 Aegyptiorum
785 2254 947 2321 numinum
963 2256 1098 2323 coneilio

179 2373 310 2458 Serapis
333 2369 554 2453 praetermilsuu
577 2368 661 2436 ellet.
715 2368 828 2454 Neque
847 2387 968 2438 movere
993 2389 1102 2454 quem·

177 2507 273 2570 quam
295 2486 413 2566 debet,
447 2483 534 2567 quod
553 2483 637 2567 apud
659 2483 821 2568 utriusque
845 2483 966 2569 linguae
987 2491 1100 2571 poetae

180 2603 283 2669 media
300 2599 415 2684 syllaba
429 2597 491 2665 sere
508 2599 625 2683 semper
640 2597 793 2684 producta
812 2600 996 2669 inveniatur.
1019 2603 1100 2670 Sunt

179 2716 260 2783 enim
282 2714 366 2796 loci,
396 2713 428 2780 in
452 2712 567 2797 quibus
582 2711 790 2797 corripiatur,
813 2729 848 2780 ut
866 2715 950 2798 apud
964 2715 1101 2786 Pruden-

180 2829 259 2897 tium
272 2833 309 2895 in
325 2829 501 2912 symmach.
522 2847 575 2897 11.
597 2827 644 2911 rs.
665 2845 739 2911 531.

224 3003 292 3121 nul
298 3059 409 3143 potuit
424 3056 555 3144 Serapis
574 3055 685 3137 Deus,
707 3068 739 3121 et
756 3053 905 3121 latrator
922 3055 1062 3128 Anubis·

180 3283 330 3351 Martiam.
351 3283 501 3367 Coppelle
515 3283 557 3351 ΙΙ.
577 3299 613 3372 p.
630 3304 686 3368 43.

224 3512 265 3575 Te
293 3513 440 3600 Serapim
458 3510 581 3594 Nilus,
604 3513 764 3601 Memphis
779 3527 958 3583 ueneratur
973 3513 1104 3604 Ostrirna‘

178 3734 277 3807 Adon
292 3736 371 3809 idem
388 3735 432 3806 eli
450 3737 506 3824 qui
514 3736 651 3812 Adonis.
682 3740 783 3815 Mart.
801 3744 951 3834 cappella
965 3745 991 3819 Ι.
1008 3770 1042 3815 ε.

1028 3852 1108 3927 Aor-
