2580 5146
168 872 229 939 ιη
299 811 816 922 orssenterro
881 853 969 921 ne

168 1035 354 1118 Heracleae,
370 1037 443 1103 loco
458 1034 497 1100 ad
514 1033 706 1101 Rhodanum
723 1032 803 1116 fito,
822 1036 941 1122 regiam
955 1035 1016 1106 fibi
1035 1058 1116 1109 con·

170 1153 267 1222 stituit
284 1150 402 1232 sedem,
419 1169 513 1234 quem
530 1148 654 1219 nomine
670 1148 778 1215 Palatii
796 1149 980 1223 Gothorum
1001 1157 1115 1240 postea

171 1264 318 1353 inignem
342 1265 429 1334 fuisse
452 1265 578 1332 scimus.
632 1263 888 1361 bibenellam,
922 1288 1007 1354 quae
1028 1273 1110 1341 hanc

175 1385 329 1454 civitatem
352 1383 494 1468 adjacet,
515 1380 547 1446 in
571 1375 701 1484 vetustis
724 1379 968 1478 Monastenias.
984 1384 1112 1472 Aegidii

175 1499 313 1579 tabulis,
335 1494 440 1562 filvam
463 1476 653 1574 Gothicam,
676 1493 712 1556 le
736 1494 833 1561 Seleu
856 1494 1041 1585 calesco,
1065 1502 1112 1568 di.

177 1615 229 1697 ci,
251 1613 354 1700 prodit
369 1613 442 1691 ille,
470 1630 563 1694 quem
580 1611 674 1694 paulo
689 1625 758 1676 ante
775 1598 1004 1700 excitavimus,
1026 1619 1109 1686 Gui-

177 1731 241 1798 liel.
263 1730 328 1814 (r)
355 1728 507 1796 Catellus.
562 1726 675 1809 Neque
715 1727 818 1793 minus
851 1728 990 1796 Iacobus
1026 1733 1109 1816 Spo-

179 1846 251 1915 nius
272 1847 370 1932 (u),
399 1846 514 1931 priscae
547 1845 596 1913 vir
620 1843 797 1928 doctrinae,
821 1845 1047 1932 inscriptionem
1076 1851 1109 1915 in

1056 1965 1110 2029 hl·

219 2171 282 2252 (ι)
301 2173 366 2234 tta.
395 2171 519 2248 ttinere
538 2177 571 2260 a
591 2176 697 2235 comm
724 2175 757 2233 n
780 2174 872 2247 nofe
893 2145 971 2251 p.'5.
1020 2173 1112 2265 aare,

179 2279 303 2354 ejusdem
330 2279 483 2339 Memoires
505 2280 541 2339 de
565 2281 695 2339 l'lrilloire
716 2280 755 2338 du
784 2279 955 2353 Languedoc
983 2272 1014 2352 p.
1035 2295 1106 2356 453.

180 2385 229 2445 ubi
253 2385 366 2442 relatum
392 2386 486 2458 leges,
517 2384 718 2443 lllonalierium
735 2383 765 2441 S.
785 2383 874 2441 Gilles
893 2383 922 2441 irr
938 2383 1040 2442 chartis
1060 2402 1112 2444 ve·

181 2489 280 2560 tostis,
306 2504 376 2564 quae
400 2487 560 2547 Monallerli
584 2487 763 2547 bibliothecis
779 2486 948 2556 attinentur,
969 2487 1114 2549 Mortaste-

180 2594 253 2653 rium
281 2595 310 2653 S.
329 2592 437 2667 Aegidii
452 2593 480 2651 in
500 2594 576 2655 Valle
595 2590 721 2650 Flaviana
739 2589 803 2663 dici.
852 2589 948 2647 Credit
967 2591 1054 2664 igitur
1071 2595 1116 2652 vir

131 2683 134 2687 ⁷
180 2696 300 2767 dorius,
327 2697 432 2754 Vallem
457 2695 611 2754 Flavianum
638 2711 652 2752 a
678 2695 791 2762 Fluvio,
817 2690 846 2748 itt
858 2706 917 2764 quo
935 2700 1116 2766 cognomine

180 2798 328 2872 Wifigo'thi
354 2797 450 2868 Reges
479 2796 527 2855 fibi
553 2814 720 2873 magnopere
747 2797 907 2870 placebant,
935 2812 1041 2856 nomen
1066 2801 1112 2858 in-

184 2900 298 2964 venille.

221 3001 295 3080 (u)
315 3001 444 3070 Confer,
466 3000 484 3059 st
505 3005 615 3074 placet,
636 3005 695 3078 ejus
714 2996 899 3077 Mfcellt'tneae
911 3004 1041 3065 eruditae
1056 3027 1114 3066 an.

181 3109 330 3180 riquirarit
355 3084 515 3182 pag.157.
572 3107 696 3166 Eandem
728 3108 965 3187 inscriptionem,
998 3113 1112 3172 tabulae

180 3226 348 3270 marmoreae
363 3207 495 3281 incisam,
515 3225 586 3284 quac
604 3226 693 3284 prope
710 3214 902 3283 monasterium
918 3214 947 3272 S.
964 3215 1052 3274 Gilles
1068 3216 1113 3274 in-

180 3330 264 3378 venta
289 3315 342 3387 stt,
360 3313 449 3378 laudat
466 3316 563 3376 Petrus
585 3315 697 3377 Gabriel
717 3322 747 3375 r'n
765 3318 845 3379 Serie
856 3317 1027 3390 Praestrlura
1044 3319 1112 3377 Me-

178 3425 365 3500 galeneerum
393 3433 427 3497 p.
442 3438 472 3498 7.
527 3421 592 3496 Ego
616 3418 719 3479 tametsi
743 3436 800 3479 non
816 3420 845 3477 in
867 3420 983 3480 dubium
1010 3440 1112 3495 voco,

181 3544 253 3601 quae
272 3525 432 3584 Gottfridus
451 3523 629 3584 viterbiensis
648 3522 677 3583 dt
696 3525 767 3583 Otto
784 3522 963 3598 Frisrngenfis
979 3524 1014 3584 de
1033 3527 1112 3586 Pela·

180 3612 228 3690 tid
253 3631 415 3689 Gothorum
445 3628 593 3711 tradidere:
632 3640 721 3686 tamen
748 3643 805 3687 non
828 3626 938 3701 polium
962 3644 1022 3687 non
1044 3648 1114 3690 cunt

181 3732 338 3805 dodiffimis
359 3732 460 3801 Gallis,
481 3726 529 3803 qui
538 3729 750 3801 Langeedociae
762 3728 917 3803 instoriam
933 3747 1023 3805 nuper
1042 3752 1115 3794 con,

182 3834 367 3908 seripserunt,
388 3831 507 3893 salsitatis
531 3831 602 3900 illam
626 3830 831 3905 inscriptionem
853 3849 980 3907 arguere.
1019 3837 1114 3898 Adeas

182 3937 266 3999 velim
290 3934 609 4006 virorumoptimotum
634 3936 845 4009 disputationem
871 3954 903 4011 p.
918 3920 989 4014 ⁶43:
1014 3957 1044 3999 n.
1061 3917 1115 4017 46,

181 4053 252 4114 quae
274 4038 388 4112 quidem
416 4050 470 4094 tam
495 4039 604 4112 elegans
627 4039 732 4100 idoneo
757 4041 854 4099 harum
871 4057 964 4100 rerum
982 4044 1113 4116 arbitro,

181 4141 225 4215 lli.
253 4138 405 4199 Marcouio
429 4139 486 4199 visa
510 4142 568 4213 est,
582 4160 648 4202 eam
665 4158 696 4201 ur
712 4144 965 4203 obseruationibus
983 4147 1018 4205 ad
1038 4148 1111 4209 Hist.

182 4245 280 4315 Germ.
300 4243 373 4303 Tem
403 4244 442 4306 11.
463 4263 492 4321 p.
503 4248 552 4324 58.
565 4262 651 4315 rotam
668 4248 808 4310 insereret.
847 4250 892 4309 Ac
909 4250 1030 4336 primunt
1046 4249 1112 4323 qui,

1043 4349 1109 4411 dem
