2580 5146
221 321 919 404 ’llulalt111lullstl2nllusll
995 344 1035 423 33

89 516 259 586 memoriae
281 515 377 596 suae,
399 511 541 579 fidissinto
559 515 737 595 ceteroquin
754 515 919 600 omnium,
943 530 1023 601 quae

91 633 188 699 semel
214 628 347 713 legisset,
369 625 589 707 audivissetvc,
612 627 755 714 custodi,
778 631 864 698 irasci
884 630 1020 713 solebat,

91 746 118 813 st
148 747 196 811 vel
221 747 286 810 leue
306 744 475 827 quiddam,
507 742 593 825 quod
621 743 729 810 eodem
755 747 942 830 pertineret,
963 747 1021 812 srbl

90 860 166 944 poll
182 860 300 925 editum
315 859 428 924 librum
447 855 664 940 suppeditaret.

136 976 292 1055 suerunt,
306 973 423 1056 quibus
440 971 472 1036 in
481 971 625 1035 Luciano
638 970 779 1038 ornando
793 972 886 1040 nimis
894 978 1022 1045 canusa

87 1103 143 1154 tus
163 1087 337 1154 videreturr
369 1105 387 1150 a
413 1085 528 1168 quibus
550 1085 683 1167 petimus
705 1086 959 1169 &quaesumus,
985 1106 1020 1159 ut

86 1203 158 1287 ejus
176 1198 407 1284 cundiatiouenq
421 1216 600 1283 comparent
621 1218 693 1264 curn
708 1203 852 1285 alterius,
876 1204 930 1286 qui
945 1191 1015 1289 poli

47 1357 51 1361 -
88 1316 131 1381 ad
154 1315 286 1381 eundem
305 1313 484 1395 scriptorem
510 1311 662 1378 edendum
678 1314 821 1382 accedere
838 1318 930 1384 ausus
946 1319 1014 1402 est,

86 1430 294 1497 festinatione.
346 1426 510 1508 Reperient
533 1426 697 1510 profesio,
728 1429 815 1495 illum
835 1434 1010 1502 cursando

85 1563 152 1610 retu
167 1539 349 1622 restituisse,
371 1540 456 1606 hunc
475 1539 644 1606 selllnando
658 1543 829 1625 perdidisse.

131 1659 184 1724 Ille
206 1672 309 1724 autem
333 1669 382 1721 tot
404 1654 576 1738 vigiliarum
601 1653 632 1720 dr
656 1671 703 1722 tot
724 1676 874 1726 annorum
888 1648 1010 1731 sruslus

84 1771 112 1843 fi
141 1772 241 1839 minus
263 1770 390 1855 publice
412 1767 575 1852 apparuit,
605 1788 669 1836 uon
695 1786 795 1838 tamen
819 1773 933 1840 iccirco
962 1776 1012 1843 vel

82 1887 222 1971 exiguus
245 1883 327 1968 else,
354 1885 404 1951 vel
425 1882 543 1968 periisse
565 1883 783 1951 existimandus
810 1884 865 1951 ell-
925 1889 1012 1956 Nam

83 2004 144 2072 vix
172 2000 256 2066 uuus
278 1995 339 2065 stre
358 1996 499 2065 Graecus
522 1997 584 2064 five
602 1999 735 2062 Latinus
751 1999 957 2082 scriptores,
979 2003 1014 2070 iu

61 2095 185 2200 ’cujus
219 2111 351 2196 marphe
381 2131 442 2182 non
477 2114 552 2178 tales
584 2110 833 2195 emendationes,
864 2115 1013 2195 qualern

81 2228 228 2318 principe
242 2224 428 2295 criticorum
447 2225 601 2309 proficisci
617 2241 773 2311 parerat,
795 2226 921 2296 notitit.
944 2228 1012 2297 Ple·

82 2346 118 2412 ni
144 2342 214 2409 sunt
235 2338 492 2424 castigationum,
523 2356 557 2404 ut
586 2360 757 2423 paucorum
772 2343 943 2409 recensrone
958 2345 1013 2411 de·

82 2459 218 2541 fungar,
241 2455 484 2539 Aristophanes,
508 2453 781 2538 Oratoresslttici,
806 2456 1009 2543 Theocritus,

79 2571 273 2655 Apollonius
288 2569 455 2650 Rhodius,
480 2568 726 2651 Harpocration:
750 2571 832 2653 pleni
848 2591 884 2638 ex
904 2577 1006 2658 postis

81 2685 227 2768 Latinis,
259 2685 459 2768 Propertius,
490 2681 660 2763 Manilius,
689 2681 830 2749 Valerius
858 2686 1003 2755 Flaccus.

83 2801 171 2887 Hinc
194 2799 288 2883 igitur
311 2798 481 2882 praefidit,
503 2797 575 2863 hinc
593 2812 769 2863 ornamenta
782 2799 969 2866 editionibus
986 2815 1004 2866 a

80 2906 113 2980 se
141 2913 284 2979 curandis
308 2928 413 2997 petant
437 2910 570 2979 Critices
588 2908 727 2978 lludioss.
771 2903 883 2993 Neque
900 2932 1006 2980 vereu·

80 3026 160 3093 dum
180 3025 246 3107 cll,
268 3046 306 3093 ne
321 3027 391 3092 talis
406 3023 563 3092 thesaurus
579 3026 610 3090 in
624 3024 768 3090 dominos
784 3024 936 3091 literarum
951 3046 1004 3093 ru·

79 3142 137 3207 des
164 3141 298 3222 incidat,
321 3157 374 3207 aut
389 3139 546 3222 uiuiparos
563 3154 675 3222 pereat.
720 3137 836 3204 Adhuc
852 3139 939 3206 illutu
956 3141 1004 3207 in·

76 3271 199 3341 regrum
223 3255 320 3322 servat
344 3255 528 3323 Franciscus
552 3242 827 3332 Hemllerhusrus,
857 3272 939 3318 unus
962 3269 1001 3324 ert

72 3371 178 3439 tribus
190 3368 263 3436 filiis
282 3368 450 3451 superstes,
473 3366 589 3451 paterni
604 3365 740 3450 ingenii,
763 3366 875 3449 animi,
896 3367 1000 3436 &oris

71 3487 203 3568 imago,
225 3484 279 3566 qui
295 3482 517 3566 philosophiam
538 3482 567 3547 dt
585 3480 815 3546 mathematicas
833 3496 1000 3551 arrestum

71 3597 269 3680 antiquitatis
294 3597 429 3662 eruditae
446 3595 567 3661 scientia
587 3595 629 3659 ita
648 3594 832 3679 conjunxit,
855 3610 911 3679 ut,
936 3613 1000 3680 qua

64 3712 166 3784 laude
198 3710 466 3796 manseleria,
500 3709 623 3775 dillicile
644 3709 679 3775 stt
705 3709 883 3783 existimare.
934 3714 996 3777 Sed

585 3822 614 3887 C
918 3819 999 3890 idern
