2580 5146
414 335 498 404 DE
563 334 912 407 LONGlNO.
1062 361 1127 427 '³27

182 517 261 601 iret,
293 520 370 605 quid
391 522 491 604 alios,
515 522 616 588 minus
634 539 765 603 acutos,
789 537 820 587 tt
833 523 976 589 adversus
993 523 1114 591 novita-

180 639 222 704 tia
241 637 399 702 illecebras
416 639 518 703 minus
536 654 668 717 cautos,
691 638 793 703 fecill'e
809 639 1017 704 arbitramur?
1042 640 1113 706 Cri·

178 752 243 818 tica
258 751 353 835 igitur
369 752 509 816 docenda
523 753 648 834 gloriam
667 753 771 831 luam,
791 752 929 817 omnium
949 749 1110 818 consellio·

178 885 242 945 ne,
265 866 395 932 maxime
415 866 572 931 fundavit.
617 867 719 953 Quam
739 884 853 945 artem,
877 883 969 930 nemo
987 865 1108 949 nescit,

180 981 293 1064 partim
316 1000 357 1048 ex
382 979 470 1047 insita
491 978 603 1063 ingenii
628 979 778 1059 {ollertia‚
810 978 921 1061 partlm
942 998 980 1044 tx
999 999 1111 1064 magna

176 1093 333 1160 dounme
349 1095 440 1176 copia
453 1093 645 1162 efflorescere.
690 1096 794 1176 Atque
809 1093 1009 1159 eruditionem
1021 1094 1108 1163 Lon»

179 1208 244 1292 gitti
267 1207 308 1273 stc
334 1207 489 1290 praedicat
514 1208 677 1290 Eunapius
701 1207 731 1272 in
757 1209 910 1291 Porphyr.
944 1228 1015 1291 pag.
1053 1231 1105 1293 13.

180 1333 332 1403 Λογγῖνος
350 1326 382 1395 δὲ
402 1326 484 1392 text&
508 1327 561 1397 τὸν
586 1324 688 1407 χρόνον
703 1327 808 1394 latium
821 1326 995 1407 βιβλιοθήκῃ
1009 1349 1055 1400 τις
1071 1323 1107 1401 ἦν

180 1440 345 1523 ἔμψυχος,
366 1440 417 1505 uel
435 1445 618 1520 περιπατοῦν
630 1452 781 1520 nouerim.
825 1439 891 1524 Qui
909 1440 998 1504 locus
1017 1438 1109 1505 nobis

179 1551 213 1620 in
230 1554 405 1618 memoriam
421 1569 546 1618 revocat
567 1553 691 1617 limilem
710 1551 794 1633 apud
813 1552 941 1618 striclam
966 1572 998 1621 v.
1014 1555 1108 1638 Molp-

178 1683 306 1741 κελλος·
328 1669 528 1750 Μάρκελλος,
544 1667 691 1748 udaeam
701 1665 857 1748 'Annaliun
873 1673 925 1735 τοῦ
943 1670 1108 1749 βασιλέως,
1223 1721 1225 1727 s

178 1785 289 1865 κόσμος
305 1786 413 1865 αἱρετῆς
434 1784 578 1860 ἀπάσης,
602 1784 645 1862 ἢ,
667 1781 739 1858 τόγε
754 1782 979 1862 multitunem
991 1785 1109 1863 εἰπεῖν,

178 1899 269 1990 iperi
295 1922 340 1970 m
354 1898 508 1984 Ιμψυχος.
552 1897 654 1982 Quem
670 1913 733 1959 non
751 1894 928 1959 dubitamus
947 1913 984 1958 ex
1000 1895 1108 1958 Euna-

179 2011 224 2094 pii
254 2010 402 2093 historia,
437 2031 500 2094 qua
521 2009 648 2078 Arcadii
669 2026 795 2090 quoque
814 2027 860 2072 res
875 2006 971 2089 gestas
987 2025 1109 2082 enarra,-

178 2124 244 2206 vit,
267 2124 399 2191 sumtum
421 2126 492 2192 elle.
536 2124 582 2190 Ut
595 2123 759 2207 Longinus
769 2122 902 2208 spirasts
918 2122 1107 2199 bibliotheca

177 2240 217 2306 ab
238 2240 408 2324 Eunapio,
435 2234 654 2323 stc-Pegasus,
685 2240 777 2321 Jctus
802 2237 987 2315 Romanus,
1020 2236 1107 2318 quod

178 2368 263 2422 tanta
290 2356 435 2421 memorio
459 2368 545 2435 etat,
578 2370 611 2419 ut
628 2373 734 2419 omnes
753 2356 854 2436 leges,
875 2363 1042 2435 earumque
1059 2370 1106 2415 tn·

177 2470 277 2536 tiones
293 2485 431 2551 teneret,
455 2470 537 2536 liber
557 2470 658 2536 diulus
677 2467 733 2535 est.
780 2469 946 2535 Stltolinst.
965 2467 1106 2553 Juvenal.

176 2585 216 2650 ad
240 2587 307 2652 Sat.
335 2586 393 2652 lv.
419 2605 473 2668 ῃ.
518 2583 659 2672 Pegasus
668 2585 763 2667 juris
773 2585 878 2669 studio
889 2584 1031 2669 gloriam
1046 2605 1109 2648 mc·

178 2706 462 2780 marianarum,
493 2712 530 2763 ut
555 2699 637 2766 liber
662 2699 780 2782 uulgo,
805 2719 868 2762 tion
884 2697 1106 2762 hornodt‘cere·

180 2829 250 2879 tur.
305 2814 385 2880 Sunt
409 2814 531 2881 fortall'e
555 2810 637 2875 ltaud
662 2811 779 2893 pauci,
804 2812 921 2891 quibus
941 2808 1104 2888 Eutropius

178 2926 357 3009 Longinum
376 2931 481 3010 pulcre
500 2942 531 2991 et
548 2925 653 2991 festive
669 2923 799 2988 lautlall'e
816 2922 966 2985 videatur.
1013 2921 1104 2985 Certo

176 3042 432 3128 elegantifflmum
449 3042 585 3128 elogium
603 3054 694 3103 vocat
707 3035 884 3101 llolllettius
900 3034 938 3099 de
949 3033 1021 3098 Vita
1029 3033 1104 3099 Por-

177 3156 269 3239 phyr.
295 3177 328 3238 p.
348 3162 401 3222 28.
444 3157 526 3237 Sed,
550 3171 585 3219 ut
604 3154 673 3219 sunt
689 3149 795 3219 diversi
813 3149 911 3214 sensus
929 3149 1104 3234 hominum,

177 3281 235 3355 ego
250 3270 340 3337 facile
356 3269 478 3338 credam
496 3271 579 3336 Tan.
597 3269 697 3334 Fabio
716 3266 754 3332 ad
770 3266 881 3331 librum
896 3276 940 3334 ll·
964 3274 1005 3331 Τ.
1031 3262 1103 3331 seli.

178 3404 211 3469 gs
256 3385 435 3468 Longinum
453 3385 572 3467 ipsum,
595 3385 617 3450 st
635 3383 675 3448 ste
689 3382 717 3447 se
735 3379 854 3446 laudati
869 3377 1017 3460 audiiset,
1040 3397 1105 3444 non

173 3500 277 3563 minua
302 3504 459 3566 uiuentem
484 3497 569 3563 istam
591 3498 848 3577 bibliotlucam,
879 3510 909 3559 et
935 3494 1105 3561 ambulans
1150 3504 1154 3511 “

173 3613 334 3697 museum,
367 3634 461 3698 quam
485 3612 622 3696 Gorgiae
645 3616 753 3679 ninum
770 3608 978 3698 sepulerum,
1006 3611 1107 3695 τὶφοιι

169 3727 331 3827 ἔμψυχον,
360 3729 491 3807 nisurum
518 3725 622 3799 foiffe.
673 3726 725 3793 Ab
748 3727 807 3791 hac
838 3726 934 3809 igitur
957 3723 1105 3791 facultate

720 3839 751 3914 ll
770 3859 793 3926 4
1025 3828 1113 3905 uon·
