2580 5146
231 336 441 409 nmattu
484 334 926 411 tannsranuusrr.
1001 359 1044 430 ις

119 527 255 596 maxima
277 523 341 591 fieri
362 537 483 607 poterat
504 522 679 607 diligentia,
709 525 933 609 cognoscebat,
963 529 1044 593 redte

116 643 284 728 judicans,
318 638 363 705 sui
389 656 544 721 quemque
568 637 745 720 scriptorem
769 639 924 721 optimum
950 640 1044 706 intera

120 770 240 840 pretem
264 752 345 835 esse,
375 750 427 833 dr,
458 752 514 834 qui
535 769 598 815 non
614 750 732 834 saepius
747 766 850 818 totum
869 753 1048 836 scriptorem

119 888 187 936 uno
206 885 309 933 tenore
331 864 466 950 legisset,
495 883 566 929 euur
590 864 621 930 in
640 864 831 932 emendando
847 866 1048 950 explicando·

117 1002 181 1066 que
204 978 372 1064 turpissime
395 978 470 1045 labi.
525 977 595 1044 Tali
612 980 722 1046 notitia
740 984 919 1062 contradit,
942 982 1048 1047 omnia

116 1098 155 1162 ad
183 1112 300 1162 certam
332 1112 457 1175 rerum,
484 1091 693 1177 sermonisque
717 1114 855 1164 normam
880 1095 1043 1179 exigebat,

115 1209 273 1291 difficilia,
303 1207 465 1291 suspicax,
486 1206 605 1289 semper
617 1225 745 1289 verena,
770 1229 807 1274 ne
826 1209 903 1292 quid
919 1209 974 1276 fibi
991 1209 1049 1276 sal·

115 1325 213 1392 laciae
235 1324 286 1389 vel
307 1340 326 1387 a
347 1320 495 1401 librario,
518 1321 567 1385 vel
583 1320 623 1387 ab
636 1321 852 1405 interpolatore
870 1323 1045 1398 strueretur.

117 1436 255 1506 Tametfi
281 1434 354 1518 quia
376 1450 498 1519 poterat
522 1431 625 1503 fallere
649 1435 734 1501 illum
757 1436 918 1505 sensum&
934 1455 1047 1507 natura

116 1548 360 1638 sagacissimum,
392 1548 541 1615 &multo
558 1548 711 1615 literarum
729 1570 891 1636 rerumque
911 1553 966 1619 usu
981 1556 1049 1619 cal.

117 1664 323 1735 lidislimuml
353 1655 508 1730 Tenebrio
532 1664 629 1731 nobili
651 1665 791 1748 scriptori
814 1666 933 1734 suetum
957 1668 1047 1737 suum

120 1780 315 1865 subjecerat
344 1779 455 1845 Statim
482 1776 621 1845 fraudem
650 1780 741 1846 certis
760 1780 891 1865 vestigiis
909 1783 1044 1849 tenebat.

120 1893 321 1961 Versisrcaror
339 1911 520 1979 magnorum
535 1879 701 1961 Poetarum
718 1894 855 1960 versibus
870 1894 976 1960 suctim
996 1896 1044 1962 in·
1108 1872 1111 1877 ⁵

121 2007 315 2095 terposuerat
333 2008 429 2077 suoal
450 2008 582 2092 Spurios
597 2008 689 2072 obelo
706 2004 893 2087 configebat.
939 1998 1050 2071 Libra·

124 2124 195 2192 rius
224 2123 380 2191 lectionem
411 2134 611 2206 corruperat,
651 2121 700 2187 vel
732 2119 847 2187 sciolus
870 2135 1048 2203 corruptam

124 2238 273 2307 fucarati
313 2238 349 2306 ln
386 2252 513 2323 promtu
546 2252 632 2311 erant
667 2252 775 2302 omncs
806 2236 869 2304 veri
901 2236 1051 2321 indagans

125 2352 159 2420 di
181 2353 259 2420 viae.

166 2468 258 2549 Sed,
289 2465 433 2551 quamvis
461 2466 612 2534 summam
642 2466 754 2551 ingenii
778 2467 917 2535 fidutiam
938 2468 1049 2535 habere

125 2582 293 2670 potuisset,
320 2597 421 2651 tameo
444 2582 601 2649 Codicum
627 2581 725 2648 MSS.
743 2582 802 2647 fide
818 2584 955 2668 inprimis
974 2584 1052 2650 nite·

125 2701 240 2780 batur,
263 2696 317 2778 dc,
339 2695 426 2780 quod
437 2697 533 2781 hujus
551 2695 725 2779 disciplinae
741 2699 916 2778 expertibus
934 2702 1045 2764 mirum

125 2812 289 2893 videatur,
319 2828 358 2876 ex
383 2830 490 2878 eorum
515 2811 564 2876 vel
590 2811 876 2877 contaminatissima
904 2813 1054 2893 scriptura

128 2925 330 3013 pulcerrimaa
353 2926 498 2992 lectiones
523 2924 676 2991 eliciebat.
729 2923 825 2989 Nosse
851 2921 962 2987 modos
987 2943 1057 3006 per·

130 3041 351 3109 mutandorum
375 3039 514 3113 inlibris
539 3039 848 3122 priscisrverborum,
872 3037 946 3103 utile
966 3055 1056 3121 paura·

126 3146 202 3225 bat:
232 3155 318 3242 posse
343 3154 424 3221 euim
445 3155 579 3219 tardiora
593 3154 713 3238 ingenia
729 3152 842 3218 talibus
858 3150 1057 3221 adminiculis

126 3271 298 3341 sublevari:
332 3269 384 3336 sed
409 3270 534 3335 nimiam
563 3269 593 3335 in
610 3269 658 3334 his
676 3267 862 3352 diligentiam
878 3283 1057 3334 contemne·

127 3388 204 3469 bat,
234 3385 351 3451 docem
368 3384 429 3450 hoc
447 3387 538 3451 etiam
557 3399 758 3467 argumento,
781 3401 890 3465 parurn
912 3382 980 3448 inde
996 3385 1057 3450 uti·
1120 3390 1128 3409 ⁴

130 3502 226 3569 litatis
248 3500 368 3582 redire,
399 3499 509 3583 quod,
544 3498 736 3583 utquisque
762 3498 930 3580 plurimum
946 3519 1062 3585 operae

133 3618 168 3684 in
190 3617 379 3685 librariorum
397 3613 639 3681 aberrationibus
653 3613 799 3679 notandis
818 3615 982 3698 posuisset,
1004 3618 1058 3680 iis·

135 3750 199 3817 que
217 3732 365 3817 margines
387 3730 536 3829 librorum
566 3728 766 3814 opplevisset,
799 3728 840 3799 ita
862 3733 977 3807 nullam
994 3747 1059 3801 nra„

614 3842 639 3909 B
662 3858 685 3925 5·
986 3856 1063 3925 gnu-
