2580 5146
400 365 481 433 DE
542 363 889 436 LONGINO.
1043 389 1104 460 ³²5
1236 425 1240 437 .

175 546 232 614 ubi
265 547 448 615 deteriorum
474 551 625 615 librorum
647 550 815 633 scriptura,
846 555 1036 635 naucloro,
1067 554 1100 621 iu

172 662 313 730 fraudem
329 663 464 743 induiti,
488 665 665 729 Holsteuius
684 666 715 729 in
733 665 806 730 Vita
821 665 975 749 Porphyr.
999 688 1032 749 p.
1045 687 1098 735 rt.

173 791 206 843 et
230 776 448 859 Langbaenius
470 778 501 843 in
527 778 601 844 Vita
617 778 776 861 Longini,
799 779 914 845 Plotini
930 783 1059 846 natalem
1079 800 1098 847 a

176 890 325 974 Longino
351 891 537 956 celebratum
561 906 722 976 putarunt.
775 892 891 961 Verum
907 893 1099 968 necPlorino
1229 957 1238 977 ,

177 1001 321 1088 magistro
336 1006 408 1070 usus
423 1022 485 1070 crat
496 1005 686 1090 Longinus,
707 1024 764 1073 uec
780 1020 899 1072 tantum
917 1005 973 1076 srbi
992 1010 1100 1090 audio·

175 1119 276 1185 ritaris
299 1118 440 1186 Plotinus
466 1119 684 1200 constituerat,
713 1134 748 1184 ut
771 1120 935 1203 Longinus
957 1123 1046 1188 talem
1071 1123 1100 1188 ei

176 1232 352 1314 honorem,
376 1234 544 1315 praeteritis
560 1234 727 1300 Ammonio
743 1252 773 1299 et
783 1232 936 1320 Origene,
957 1236 1012 1303 sub
1032 1238 1102 1320 qui·

176 1349 240 1414 bus
262 1345 454 1430 profecerat,
484 1349 619 1414 haberet.
671 1349 805 1432 Excepit
827 1365 894 1416 tum
912 1351 1102 1436 Longinus,

177 1479 214 1529 ut
228 1463 289 1527 huc
304 1463 404 1527 obiter
418 1462 588 1541 addamus,
612 1463 747 1530 sollemni
763 1465 910 1532 convivio
926 1467 1029 1532 liorem
1046 1467 1105 1538 ho·

178 1578 297 1658 aninum
313 1577 526 1656 eruditorum,
548 1578 680 1644 Athenis
696 1578 892 1661 degentium,
914 1580 1103 1665 Nicagoram

178 1691 376 1774 Sophistam‚
406 1692 581 1776 Maiorem,
609 1691 812 1774 Apollonium
835 1692 1104 1779 Grammaticum‚

176 1807 370 1874 Derueuium
406 1804 626 1886 Geometram,
661 1804 819 1870 Proseuem
843 1805 1102 1890 Peripateticum,

179 1920 328 1986 Calletem
340 1919 503 2000 Stoicum,
525 1918 700 2002 Caystrium
720 1932 751 1990 et
761 1919 945 2004 Maximum,
988 1922 1102 1991 Adfuit

179 2035 271 2100 etiam
296 2033 510 2117 Porphyrius,
534 2034 589 2116 qui
608 2046 705 2099 totam
721 2051 783 2102 rem
800 2048 922 2115 narrat,
945 2055 1017 2112 cunr
1036 2037 1103 2103 aliis

179 2148 336 2235 pluribus.
381 2149 431 2214 Ex
449 2149 498 2214 his
514 2149 653 2215 uouuulli
671 2148 725 2213 srbi
742 2167 853 2214 nomen
868 2148 950 2230 apud
968 2149 1104 2232 posteros

181 2261 342 2344 feceruut,
365 2277 401 2328 ut
420 2261 615 2346 Nicagoras,
640 2282 731 2344 quern
748 2263 1051 2331 Gothulr.0leatius
1065 2266 1105 2330 ad

179 2376 354 2445 Philostrat.
371 2377 409 2441 de
423 2377 490 2444 vit.
511 2375 650 2460 Sophill.
670 2377 711 2443 ll.
736 2398 789 2462 31.
814 2399 847 2461 p.
863 2381 937 2462 624.
962 2381 1046 2463 turpi
1060 2400 1107 2446 et·

179 2512 249 2560 rore
265 2491 429 2558 confundit
445 2509 517 2555 cum
532 2491 732 2573 Nicostrato,
755 2493 891 2566 eretore
907 2494 958 2562 Μ.
975 2497 1108 2562 Antoni·

180 2608 214 2674 ni
237 2606 426 2688 temporibus
447 2608 544 2672 claro.
593 2605 674 2681 Vide
696 2607 824 2678 suidam
849 2630 881 2683 v,
900 2590 1107 2694 Νικαγόρας,

183 2736 214 2786 et
236 2720 280 2786 ibi
302 2718 477 2793 Kullerum,
523 2718 632 2785 Notus
648 2719 738 2786 etiam
755 2718 798 2784 est
814 2721 921 2806 Maior
940 2725 1103 2806 sophista,

185 2854 222 2902 ex
239 2835 335 2900 Suida
351 2837 382 2900 iu
400 2855 430 2900 v.
445 2851 475 2899 et
486 2831 652 2927 Scholiaste
664 2832 849 2914 Hermogen.
862 2852 896 2914 p.
911 2853 982 2916 130.
1006 2835 1106 2917 Apol·=
1157 2831 1159 2834 ’

183 2949 302 3015 lonium
326 2948 488 3031 Porphyrii
515 2948 545 3014 iu
569 2944 787 3019 Grammaticis
805 2944 979 3027 magistrum
996 2946 1104 3028 foille,

182 3064 290 3146 paullo
306 3076 374 3126 ante
391 3062 538 3130 diximus.
583 3060 766 3142 Maximus,
786 3060 909 3141 nescio,
932 3079 971 3126 au
984 3057 1020 3126 srt
1038 3063 1107 3144 phi·.

183 3175 353 3259 loiophus,
377 3175 471 3242 domo
492 3175 635 3256 Tiauus,
658 3174 749 3258 cujus
768 3172 891 3239 titulum
909 3174 1106 3259 sepulcralem

184 3291 320 3374 altheuis
334 3290 411 3360 sidit
430 3290 567 3376 Spanius
583 3289 715 3358 Miscell.
738 3286 827 3358 erud.
843 3288 954 3374 Antiq.
977 3309 1012 3382 p.
1032 3304 1110 3384 ruat

532 3496 765 3571 ansarum
891 3473 897 3491 ‘

558 3611 740 3670 urano

499 3726 794 3805 ornozonrt,

688 3857 799 3957 lla
1036 3853 1111 3931 lx·
