2580 5146
171 416 174 421 Ι
307 316 571 397 DOCTORE
613 322 940 405 ununmcor
1025 356 1087 425 ης

164 511 285 581 rdinum
310 509 529 579 cousuetudine
550 507 768 595 excoluilient,
790 515 939 583 limillima
954 517 1087 601 splendi-

165 626 224 693 dae
248 626 329 697 vitre
351 625 540 693 monimenta
568 627 661 693 literis
686 625 899 712 prodiderunt·
951 630 1039 699 Nihil
1052 634 1085 701 in

163 732 226 809 iltn
249 740 383 841 humile,
414 739 492 807 nillil
507 740 671 824 putidum,
693 743 768 807 nihil
784 742 907 826 ineptiis
921 742 1085 830 fucatum,

161 856 239 925 ninia
254 854 342 941 quod
357 855 479 921 scholae
494 854 597 921 sordes
613 853 767 922 redolente
790 856 894 922 omnia
911 860 1017 925 lucent
1032 879 1087 926 na·

159 970 253 1040 ¹rurali
270 968 527 1055 pulchritudine,
551 962 740 1053 &iugulari
755 970 889 1054 quodam
906 971 1084 1057 splendore,

164 1103 258 1169 quem
284 1083 389 1169 magui
409 1082 528 1150 &eluti
547 1083 639 1149 animi
655 1090 801 1165 tanqlrarn
818 1084 940 1167 spiritus
958 1086 1083 1154 afflavit.

156 1199 228 1286 er
254 1196 417 1283 quomodo
442 1196 599 1282 magistri,
621 1186 790 1261 elatibulis
805 1200 952 1281 extrarii,
973 1203 1085 1285 juven·

158 1310 259 1381 ‘tutem
285 1312 325 1378 ad
345 1313 417 1379 'talis
442 1311 683 1396 pulchritudinis
697 1311 813 1377 senium
831 1330 964 1395 acuent,
988 1334 1083 1397 quam

156 1444 217 1495 nec
239 1424 373 1495 sentiunt
387 1422 464 1508 ipa,
478 1445 566 1509 nec,
588 1442 624 1492 ut
639 1424 800 1507 sentirent,
822 1436 959 1510 unquam
976 1430 1084 1496 elabo-

157 1540 292 1609 munte
323 1539 520 1628 Quomodo,
551 1541 605 1623 qui
621 1560 726 1607 omnes
743 1541 947 1623 cogitationes
964 1541 1033 1609 suas
1049 1544 1083 1611 in

162 1654 347 1739 quisqunns
362 1654 541 1740 abjecerunt
551 1644 571 1737 ,’
585 1653 661 1738 quid
676 1654 826 1735 suaviter,-
850 1674 963 1737 acute,
988 1676 1085 1723 venn-

159 1767 226 1850 st'e,
255 1768 415 1852 magnifice
437 1767 576 1852 dilium,
603 1770 753 1851 secusve,
784 1769 841 1852 stt,
871 1769 1082 1854 judicabunti

13 1882 18 1894 '
159 1866 281 1951 Mirum
306 1880 428 1949 nnatre
455 1881 643 1965 quibusdam
665 1882 830 1963 uideatur,
853 1882 941 1963 quod
958 1881 1080 1950 dicum:

157 1994 211 2064 rud
229 1995 334 2063 seium
351 1986 430 2080 esse,
450 1997 514 2081 ipse
528 1995 717 2080 experiundo
733 1994 883 2075 cognovit
929 1994 1084 2076 Saepenu·

157 2110 246 2179 mero
267 2108 404 2177 homines
427 2111 625 2177 mediocriter
651 2107 758 2190 dorii,
789 2121 821 2172 at
846 2107 932 2172 bono
951 2108 1082 2191 praediti

158 2222 303 2309 iugenio,
332 2222 365 2292 dr
385 2224 631 2293 vitaehumanae
649 2223 706 2291 usu
727 2221 838 2307 politi,
862 2221 939 2303 quid
953 2223 987 2289 in
1001 2222 1082 2290 anti·

158 2340 232 2425 duis
252 2338 456 2424 scriptoribus
482 2341 624 2420 rectum,
646 2336 833 2419 venustum,
856 2335 1082 2405 &admirabile

155 2453 216 2536 fit,
245 2454 345 2521 multo
373 2454 482 2520 melius
508 2454 706 2537 intelligunt,
737 2471 830 2537 quam
855 2452 910 2535 qui
936 2470 1032 2521 aetate
1047 2453 1083 2523 id

157 2566 355 2637 tenebrieofis
377 2566 534 2652 ergastulis
561 2566 773 2650 conterenda,
801 2585 998 2652 permagnam
1020 2565 1081 2636 srbl

157 2683 360 2751 eruditionem
384 2682 602 2767 compararint.
653 2682 775 2750 Gallica
799 2701 902 2767 gens,
934 2699 971 2749 ut
997 2682 1081 2749 ludu

155 2798 259 2865 dedita
284 2796 432 2880 scenicis,
462 2796 666 2882 Tragicorum
693 2784 947 2863 &comicorum
971 2798 1083 2877 poeta·

154 2912 225 2980 lum
249 2909 435 2995 exquilltum
455 2909 607 2996 iudicium
635 2912 745 2977 habere
763 2924 905 2992 putatur.
951 2904 1000 2973 Ac
1014 2906 1082 2974 vidi

154 3026 189 3092 ln
211 3025 278 3111 ipso
299 3024 394 3111 nulus
419 3026 518 3110 gentis
542 3024 718 3109 elegantiori
745 3023 836 3101 sexu,
858 3039 922 3086 non
939 3020 1076 3089 eruditas

156 3141 225 3207 illrs‘
248 3138 374 3223 q'uidem
396 3139 434 3206 de
458 3139 579 3205 scholae
603 3160 708 3219 more,
732 3153 785 3202 aut
802 3136 919 3218 ineptus
935 3135 1085 3202 eruditio·

154 3254 204 3323 nis
238 3253 469 3336 ollentalrices,
508 3257 612 3338 'quales
643 3253 763 3319 Galliae
789 3248 961 3317 Menander
982 3250 1085 3334 lepida

154 3368 263 3437 fabula
277 3370 445 3453 exagitarit
455 3416 467 3451 ,
479 3365 529 3437 sed
545 3366 675 3452 quarum
694 3368 868 3450 praeclarus
887 3383 1013 3433 naturae
1028 3366 1086 3432 nr·

155 3483 243 3549 bitus
265 3483 329 3551 sola
345 3483 425 3549 vitae
441 3485 589 3567 elegantia
602 3482 672 3547 effer
688 3484 853 3563 excultus,
884 3481 948 3549 vidi
965 3482 1086 3567 igitur,

156 3602 236 3677 quae
262 3596 300 3661 de
325 3598 494 3682 Sophoclis
524 3596 731 3679 &Euripidis
750 3597 916 3676 dramatis,
940 3597 995 3664 srbi
1018 3614 1086 3662 tan-

155 3709 224 3776 tum
250 3730 307 3795 per
332 3710 503 3781 vernonem
525 3711 681 3795 cognitis,
714 3713 804 3794 longe
832 3711 935 3780 sterius
961 3710 1085 3795 judica·

639 3822 673 3887 ll
694 3844 714 3890 ι
997 3826 1086 3901 tent,
