<?xml version="1.0" encoding="UTF-8"?>
<!DOCTYPE html PUBLIC "-//W3C//DTD XHTML 1.0 Transitional//EN"
    "http://www.w3.org/TR/xhtml1/DTD/xhtml1-transitional.dtd">
<html xmlns="http://www.w3.org/1999/xhtml" xml:lang="en" lang="en">
 <head>
  <title>
</title>
<meta http-equiv="Content-Type" content="text/html;charset=utf-8" />
  <meta name='ocr-system' content='tesseract 3.04.00' />
  <meta name='ocr-capabilities' content='ocr_page ocr_carea ocr_par ocr_line ocrx_word'/>
</head>
<body>
  <div class='ocr_page' id='page_1' title='image "./davidisruhnkeni00ruhngoog_0131.png"; bbox 0 0 2580 5146; ppageno 0'>
   <div class='ocr_carea' id='block_1_1' title="bbox 180 316 1101 453">
    <p class='ocr_par' dir='ltr' id='par_1_1' title="bbox 180 316 1101 453">
     <span class='ocr_line' id='line_1_1' title="bbox 180 316 1101 453; baseline 0.001 -18"><span class='ocrx_word' id='word_1_1' title='bbox 180 316 190 333; x_wconf 82' lang='grc'>’</span> <span class='ocrx_word' id='word_1_2' title='bbox 327 361 582 435; x_wconf 78' lang='lat' dir='ltr'>moerore</span> <span class='ocrx_word' id='word_1_3' title='bbox 625 361 957 447; x_wconf 74' lang='lat' dir='ltr'>umuuarrcm</span> <span class='ocrx_word' id='word_1_4' title='bbox 1039 386 1101 453; x_wconf 62' lang='grc' dir='ltr'>ιι,</span> 
     </span>
    </p>
   </div>
   <div class='ocr_carea' id='block_1_2' title="bbox 172 547 1140 3939">
    <p class='ocr_par' dir='ltr' id='par_1_2' title="bbox 172 547 1140 3829">
     <span class='ocr_line' id='line_1_2' title="bbox 179 547 1100 637; baseline -0.002 -20"><span class='ocrx_word' id='word_1_5' title='bbox 179 569 290 619; x_wconf 69' lang='lat' dir='ltr'>omum</span> <span class='ocrx_word' id='word_1_6' title='bbox 315 548 510 637; x_wconf 82' lang='lat' dir='ltr'>riua&#39;verlua</span> <span class='ocrx_word' id='word_1_7' title='bbox 527 564 674 632; x_wconf 84' lang='lat' dir='ltr'>tanquam</span> <span class='ocrx_word' id='word_1_8' title='bbox 692 547 807 633; x_wconf 81' lang='lat' dir='ltr'>digitur</span> <span class='ocrx_word' id='word_1_9' title='bbox 824 549 895 615; x_wconf 88' lang='lat' dir='ltr'>suos</span> <span class='ocrx_word' id='word_1_10' title='bbox 911 548 1028 631; x_wconf 84' lang='lat' dir='ltr'>nollet,</span> <span class='ocrx_word' id='word_1_11' title='bbox 1049 550 1100 617; x_wconf 84' lang='lat' dir='ltr'>sed</span> 
     </span>
     <span class='ocr_line' id='line_1_3' title="bbox 180 660 1099 751; baseline -0.002 -18"><span class='ocrx_word' id='word_1_12' title='bbox 180 664 389 749; x_wconf 80' lang='lat' dir='ltr'>exquifiriorca</span> <span class='ocrx_word' id='word_1_13' title='bbox 412 664 482 751; x_wconf 81' lang='lat' dir='ltr'>eJua</span> <span class='ocrx_word' id='word_1_14' title='bbox 513 682 637 729; x_wconf 85' lang='lat' dir='ltr'>veneres</span> <span class='ocrx_word' id='word_1_15' title='bbox 665 660 697 727; x_wconf 88' lang='lat' dir='ltr'>dt</span> <span class='ocrx_word' id='word_1_16' title='bbox 720 665 838 747; x_wconf 78' lang='lat' dir='ltr'>lepores</span> <span class='ocrx_word' id='word_1_17' title='bbox 860 676 929 729; x_wconf 91' lang='lat' dir='ltr'>rum</span> <span class='ocrx_word' id='word_1_18' title='bbox 952 664 1099 747; x_wconf 83' lang='lat' dir='ltr'>demum,</span> 
     </span>
     <span class='ocr_line' id='line_1_4' title="bbox 174 776 1101 862; baseline -0.003 -15"><span class='ocrx_word' id='word_1_19' title='bbox 174 798 251 847; x_wconf 89' lang='lat' dir='ltr'>cum</span> <span class='ocrx_word' id='word_1_20' title='bbox 276 780 428 847; x_wconf 89' lang='lat' dir='ltr'>lrorrorum</span> <span class='ocrx_word' id='word_1_21' title='bbox 443 776 535 851; x_wconf 86' lang='lat' dir='ltr'>cursu</span> <span class='ocrx_word' id='word_1_22' title='bbox 553 776 593 842; x_wconf 87' lang='lat' dir='ltr'>ad</span> <span class='ocrx_word' id='word_1_23' title='bbox 608 794 708 842; x_wconf 86' lang='lat' dir='ltr'>morea</span> <span class='ocrx_word' id='word_1_24' title='bbox 726 776 909 858; x_wconf 89' lang='lat' dir='ltr'>hominum,</span> <span class='ocrx_word' id='word_1_25' title='bbox 932 796 1038 862; x_wconf 82' lang='lat' dir='ltr'>regum</span> <span class='ocrx_word' id='word_1_26' title='bbox 1054 780 1101 845; x_wconf 89' lang='lat' dir='ltr'>in·</span> 
     </span>
     <span class='ocr_line' id='line_1_5' title="bbox 173 890 1102 979; baseline -0.005 -18"><span class='ocrx_word' id='word_1_27' title='bbox 173 892 285 979; x_wconf 84' lang='lat' dir='ltr'>primia</span> <span class='ocrx_word' id='word_1_28' title='bbox 300 892 333 959; x_wconf 82' lang='lat' dir='ltr'>dr</span> <span class='ocrx_word' id='word_1_29' title='bbox 347 891 548 977; x_wconf 78' lang='lat' dir='ltr'>principum,</span> <span class='ocrx_word' id='word_1_30' title='bbox 565 890 797 975; x_wconf 81' lang='lat' dir='ltr'>cognoscendos</span> <span class='ocrx_word' id='word_1_31' title='bbox 810 890 881 957; x_wconf 82' lang='lat' dir='ltr'>ellet</span> <span class='ocrx_word' id='word_1_32' title='bbox 898 891 1017 957; x_wconf 84' lang='lat' dir='ltr'>delatus</span> <span class='ocrx_word' id='word_1_33' title='bbox 1026 938 1038 973; x_wconf 91' lang='lat'>,</span> <span class='ocrx_word' id='word_1_34' title='bbox 1048 910 1102 976; x_wconf 85' lang='lat' dir='ltr'>pe·</span> 
     </span>
     <span class='ocr_line' id='line_1_6' title="bbox 173 994 1140 1091; baseline -0.005 -16"><span class='ocrx_word' id='word_1_35' title='bbox 173 1008 263 1075; x_wconf 81' lang='lat' dir='ltr'>nitus</span> <span class='ocrx_word' id='word_1_36' title='bbox 286 1002 466 1091; x_wconf 84' lang='lat' dir='ltr'>percepllle.</span> <span class='ocrx_word' id='word_1_37' title='bbox 517 1004 579 1071; x_wconf 88' lang='lat' dir='ltr'>Sed</span> <span class='ocrx_word' id='word_1_38' title='bbox 601 1004 704 1071; x_wconf 84' lang='lat' dir='ltr'>redeat</span> <span class='ocrx_word' id='word_1_39' title='bbox 723 1004 823 1071; x_wconf 88' lang='lat' dir='ltr'>oratio</span> <span class='ocrx_word' id='word_1_40' title='bbox 848 1004 886 1069; x_wconf 87' lang='lat' dir='ltr'>ad</span> <span class='ocrx_word' id='word_1_41' title='bbox 910 1007 1100 1074; x_wconf 79' lang='lat' dir='ltr'>umbraticos</span> <span class='ocrx_word' id='word_1_42' title='bbox 1135 994 1140 1001; x_wconf 73' lang='grc'><strong>’</strong></span> 
     </span>
     <span class='ocr_line' id='line_1_7' title="bbox 172 1104 1100 1204; baseline -0.001 -16"><span class='ocrx_word' id='word_1_43' title='bbox 172 1122 340 1202; x_wconf 71' lang='lat' dir='ltr'>doctores,</span> <span class='ocrx_word' id='word_1_44' title='bbox 376 1119 461 1187; x_wconf 89' lang='lat' dir='ltr'>unde</span> <span class='ocrx_word' id='word_1_45' title='bbox 492 1117 626 1185; x_wconf 85' lang='lat' dir='ltr'>deflerit.</span> <span class='ocrx_word' id='word_1_46' title='bbox 683 1118 730 1185; x_wconf 91' lang='lat' dir='ltr'>Ut</span> <span class='ocrx_word' id='word_1_47' title='bbox 752 1118 879 1184; x_wconf 83' lang='lat' dir='ltr'>lrumilia</span> <span class='ocrx_word' id='word_1_48' title='bbox 902 1118 934 1185; x_wconf 84' lang='lat' dir='ltr'>dt</span> <span class='ocrx_word' id='word_1_49' title='bbox 954 1104 1100 1204; x_wconf 82' lang='lat' dir='ltr'>angustus</span> 
     </span>
     <span class='ocr_line' id='line_1_8' title="bbox 175 1231 1105 1323; baseline -0.002 -20"><span class='ocrx_word' id='word_1_50' title='bbox 175 1254 285 1305; x_wconf 90' lang='lat' dir='ltr'>eorum</span> <span class='ocrx_word' id='word_1_51' title='bbox 308 1234 431 1301; x_wconf 79' lang='lat' dir='ltr'>animus</span> <span class='ocrx_word' id='word_1_52' title='bbox 455 1232 519 1306; x_wconf 79' lang='lat' dir='ltr'>eli,</span> <span class='ocrx_word' id='word_1_53' title='bbox 550 1232 593 1298; x_wconf 90' lang='lat' dir='ltr'>ita</span> <span class='ocrx_word' id='word_1_54' title='bbox 620 1231 766 1297; x_wconf 88' lang='lat' dir='ltr'>humilem</span> <span class='ocrx_word' id='word_1_55' title='bbox 791 1233 883 1301; x_wconf 89' lang='lat' dir='ltr'>etiam</span> <span class='ocrx_word' id='word_1_56' title='bbox 908 1232 947 1299; x_wconf 93' lang='lat' dir='ltr'>de</span> <span class='ocrx_word' id='word_1_57' title='bbox 965 1234 1105 1323; x_wconf 78' lang='lat' dir='ltr'>antiquie.</span> 
     </span>
     <span class='ocr_line' id='line_1_9' title="bbox 176 1345 1100 1435; baseline -0.004 -17"><span class='ocrx_word' id='word_1_58' title='bbox 176 1348 382 1435; x_wconf 72' lang='lat' dir='ltr'>scriptoribus</span> <span class='ocrx_word' id='word_1_59' title='bbox 396 1346 573 1431; x_wconf 86' lang='lat' dir='ltr'>opinionem</span> <span class='ocrx_word' id='word_1_60' title='bbox 589 1345 796 1430; x_wconf 86' lang='lat' dir='ltr'>srrlccperunt.</span> <span class='ocrx_word' id='word_1_61' title='bbox 838 1346 921 1414; x_wconf 86' lang='lat' dir='ltr'>Nam</span> <span class='ocrx_word' id='word_1_62' title='bbox 939 1348 1026 1432; x_wconf 91' lang='lat' dir='ltr'>quod</span> <span class='ocrx_word' id='word_1_63' title='bbox 1042 1350 1100 1415; x_wconf 85' lang='lat' dir='ltr'>bo·</span> 
     </span>
     <span class='ocr_line' id='line_1_10' title="bbox 175 1458 1102 1547; baseline -0.002 -16"><span class='ocrx_word' id='word_1_64' title='bbox 175 1482 311 1545; x_wconf 88' lang='lat' dir='ltr'>norum,</span> <span class='ocrx_word' id='word_1_65' title='bbox 341 1478 423 1544; x_wconf 84' lang='lat' dir='ltr'>quae</span> <span class='ocrx_word' id='word_1_66' title='bbox 446 1458 517 1527; x_wconf 90' lang='lat' dir='ltr'>iude</span> <span class='ocrx_word' id='word_1_67' title='bbox 541 1458 580 1525; x_wconf 87' lang='lat' dir='ltr'>ad</span> <span class='ocrx_word' id='word_1_68' title='bbox 605 1479 663 1525; x_wconf 83' lang='lat' dir='ltr'>nos</span> <span class='ocrx_word' id='word_1_69' title='bbox 681 1459 938 1547; x_wconf 84' lang='lat' dir='ltr'>proficiscuntur,</span> <span class='ocrx_word' id='word_1_70' title='bbox 960 1463 1102 1530; x_wconf 82' lang='lat' dir='ltr'>omnium</span> 
     </span>
     <span class='ocr_line' id='line_1_11' title="bbox 175 1573 1106 1663; baseline 0 -18"><span class='ocrx_word' id='word_1_71' title='bbox 175 1576 340 1645; x_wconf 85' lang='lat' dir='ltr'>minimum</span> <span class='ocrx_word' id='word_1_72' title='bbox 352 1574 417 1655; x_wconf 78' lang='lat' dir='ltr'>eli,</span> <span class='ocrx_word' id='word_1_73' title='bbox 437 1592 474 1640; x_wconf 90' lang='lat' dir='ltr'>ut</span> <span class='ocrx_word' id='word_1_74' title='bbox 486 1573 631 1639; x_wconf 77' lang='lat' dir='ltr'>sermonis</span> <span class='ocrx_word' id='word_1_75' title='bbox 647 1574 807 1657; x_wconf 76' lang='lat' dir='ltr'>puritatem</span> <span class='ocrx_word' id='word_1_76' title='bbox 816 1576 899 1642; x_wconf 85' lang='lat' dir='ltr'>exiis</span> <span class='ocrx_word' id='word_1_77' title='bbox 907 1575 1106 1663; x_wconf 69' lang='lat' dir='ltr'>hauriamua,</span> 
     </span>
     <span class='ocr_line' id='line_1_12' title="bbox 174 1686 1101 1775; baseline -0.002 -16"><span class='ocrx_word' id='word_1_78' title='bbox 174 1693 224 1760; x_wconf 92' lang='lat' dir='ltr'>illi</span> <span class='ocrx_word' id='word_1_79' title='bbox 247 1693 338 1775; x_wconf 84' lang='lat' dir='ltr'>longe</span> <span class='ocrx_word' id='word_1_80' title='bbox 356 1688 526 1755; x_wconf 78' lang='lat' dir='ltr'>marimum</span> <span class='ocrx_word' id='word_1_81' title='bbox 551 1686 700 1772; x_wconf 87' lang='lat' dir='ltr'>&amp;prope</span> <span class='ocrx_word' id='word_1_82' title='bbox 723 1687 823 1755; x_wconf 86' lang='lat' dir='ltr'>dicam</span> <span class='ocrx_word' id='word_1_83' title='bbox 842 1690 968 1757; x_wconf 90' lang='lat' dir='ltr'>unicum</span> <span class='ocrx_word' id='word_1_84' title='bbox 981 1690 1101 1759; x_wconf 91' lang='lat' dir='ltr'>bonum</span> 
     </span>
     <span class='ocr_line' id='line_1_13' title="bbox 176 1800 1103 1887; baseline 0.001 -16"><span class='ocrx_word' id='word_1_85' title='bbox 176 1803 314 1871; x_wconf 78' lang='lat' dir='ltr'>censen.</span> <span class='ocrx_word' id='word_1_86' title='bbox 365 1804 494 1885; x_wconf 79' lang='lat' dir='ltr'>Imque,</span> <span class='ocrx_word' id='word_1_87' title='bbox 524 1800 616 1867; x_wconf 85' lang='lat' dir='ltr'>millis</span> <span class='ocrx_word' id='word_1_88' title='bbox 631 1803 745 1883; x_wconf 77' lang='lat' dir='ltr'>rebus,</span> <span class='ocrx_word' id='word_1_89' title='bbox 769 1821 900 1885; x_wconf 78' lang='lat' dir='ltr'>quarum</span> <span class='ocrx_word' id='word_1_90' title='bbox 916 1805 1103 1887; x_wconf 83' lang='lat' dir='ltr'>cognoscen-</span> 
     </span>
     <span class='ocr_line' id='line_1_14' title="bbox 179 1915 1104 1999; baseline -0.002 -15"><span class='ocrx_word' id='word_1_91' title='bbox 179 1918 293 1986; x_wconf 83' lang='lat' dir='ltr'>drrum</span> <span class='ocrx_word' id='word_1_92' title='bbox 315 1915 415 1983; x_wconf 78' lang='lat' dir='ltr'>caulla</span> <span class='ocrx_word' id='word_1_93' title='bbox 438 1932 553 1983; x_wconf 79' lang='lat' dir='ltr'>veteres</span> <span class='ocrx_word' id='word_1_94' title='bbox 577 1915 741 1999; x_wconf 75' lang='lat' dir='ltr'>scriptores</span> <span class='ocrx_word' id='word_1_95' title='bbox 761 1916 801 1979; x_wconf 83' lang='lat' dir='ltr'>ab</span> <span class='ocrx_word' id='word_1_96' title='bbox 824 1915 1003 1980; x_wconf 74' lang='lat' dir='ltr'>hominibur</span> <span class='ocrx_word' id='word_1_97' title='bbox 1023 1917 1104 1983; x_wconf 80' lang='lat' dir='ltr'>sanie</span> 
     </span>
     <span class='ocr_line' id='line_1_15' title="bbox 179 2026 1106 2117; baseline -0.006 -17"><span class='ocrx_word' id='word_1_98' title='bbox 179 2036 353 2117; x_wconf 83' lang='lat' dir='ltr'>leguntur,</span> <span class='ocrx_word' id='word_1_99' title='bbox 372 2030 446 2097; x_wconf 84' lang='lat' dir='ltr'>nilril</span> <span class='ocrx_word' id='word_1_100' title='bbox 462 2028 517 2095; x_wconf 83' lang='lat' dir='ltr'>nisa</span> <span class='ocrx_word' id='word_1_101' title='bbox 535 2031 628 2097; x_wconf 82' lang='lat' dir='ltr'>verba</span> <span class='ocrx_word' id='word_1_102' title='bbox 645 2030 839 2107; x_wconf 76' lang='lat' dir='ltr'>scrutantur,</span> <span class='ocrx_word' id='word_1_103' title='bbox 862 2026 1016 2111; x_wconf 80' lang='lat' dir='ltr'>diligentia</span> <span class='ocrx_word' id='word_1_104' title='bbox 1034 2030 1106 2113; x_wconf 90' lang='lat' dir='ltr'>qui·</span> 
     </span>
     <span class='ocr_line' id='line_1_16' title="bbox 179 2140 1105 2226; baseline -0.005 -14"><span class='ocrx_word' id='word_1_105' title='bbox 179 2148 255 2219; x_wconf 84' lang='lat' dir='ltr'>dem</span> <span class='ocrx_word' id='word_1_106' title='bbox 271 2144 348 2211; x_wconf 83' lang='lat' dir='ltr'>adeo</span> <span class='ocrx_word' id='word_1_107' title='bbox 362 2142 546 2226; x_wconf 83' lang='lat' dir='ltr'>misemnda,</span> <span class='ocrx_word' id='word_1_108' title='bbox 559 2159 627 2225; x_wconf 77' lang='lat' dir='ltr'>uu,</span> <span class='ocrx_word' id='word_1_109' title='bbox 650 2140 772 2224; x_wconf 80' lang='lat' dir='ltr'>q-uoriet</span> <span class='ocrx_word' id='word_1_110' title='bbox 786 2140 975 2207; x_wconf 86' lang='lat' dir='ltr'>vocabulum</span> <span class='ocrx_word' id='word_1_111' title='bbox 994 2142 1047 2208; x_wconf 83' lang='lat' dir='ltr'>vel</span> <span class='ocrx_word' id='word_1_112' title='bbox 1057 2141 1105 2209; x_wconf 62' lang='lat' dir='ltr'>dl«</span> 
     </span>
     <span class='ocr_line' id='line_1_17' title="bbox 180 2254 1103 2343; baseline -0.005 -16"><span class='ocrx_word' id='word_1_113' title='bbox 180 2260 271 2327; x_wconf 81' lang='lat' dir='ltr'>condi</span> <span class='ocrx_word' id='word_1_114' title='bbox 297 2258 397 2327; x_wconf 83' lang='lat' dir='ltr'>foma</span> <span class='ocrx_word' id='word_1_115' title='bbox 426 2257 511 2343; x_wconf 77' lang='lat' dir='ltr'>apud</span> <span class='ocrx_word' id='word_1_116' title='bbox 540 2275 697 2342; x_wconf 87' lang='lat' dir='ltr'>quemque</span> <span class='ocrx_word' id='word_1_117' title='bbox 728 2254 904 2339; x_wconf 86' lang='lat' dir='ltr'>scriptorem</span> <span class='ocrx_word' id='word_1_118' title='bbox 935 2270 1103 2338; x_wconf 85' lang='lat' dir='ltr'>occurrat,</span> 
     </span>
     <span class='ocr_line' id='line_1_18' title="bbox 176 2369 1102 2460; baseline -0.01 -16"><span class='ocrx_word' id='word_1_119' title='bbox 176 2376 354 2460; x_wconf 83' lang='lat' dir='ltr'>scrupulose</span> <span class='ocrx_word' id='word_1_120' title='bbox 380 2371 421 2437; x_wconf 82' lang='lat' dir='ltr'>cd</span> <span class='ocrx_word' id='word_1_121' title='bbox 449 2372 588 2439; x_wconf 78' lang='lat' dir='ltr'>calculos</span> <span class='ocrx_word' id='word_1_122' title='bbox 614 2386 739 2439; x_wconf 84' lang='lat' dir='ltr'>vocent.</span> <span class='ocrx_word' id='word_1_123' title='bbox 791 2369 842 2437; x_wconf 83' lang='lat' dir='ltr'>Ex</span> <span class='ocrx_word' id='word_1_124' title='bbox 860 2388 925 2453; x_wconf 85' lang='lat' dir='ltr'>quo</span> <span class='ocrx_word' id='word_1_125' title='bbox 940 2369 1050 2437; x_wconf 88' lang='lat' dir='ltr'>lutosr</span> <span class='ocrx_word' id='word_1_126' title='bbox 1073 2370 1102 2439; x_wconf 87' lang='lat' dir='ltr'>se</span> 
     </span>
     <span class='ocr_line' id='line_1_19' title="bbox 177 2482 1104 2575; baseline -0.008 -18"><span class='ocrx_word' id='word_1_127' title='bbox 177 2492 316 2575; x_wconf 80' lang='lat' dir='ltr'>erigant,</span> <span class='ocrx_word' id='word_1_128' title='bbox 346 2487 425 2555; x_wconf 84' lang='lat' dir='ltr'>ritua</span> <span class='ocrx_word' id='word_1_129' title='bbox 447 2488 593 2567; x_wconf 85' lang='lat' dir='ltr'>antiquos</span> <span class='ocrx_word' id='word_1_130' title='bbox 617 2486 648 2552; x_wconf 82' lang='lat' dir='ltr'>dr</span> <span class='ocrx_word' id='word_1_131' title='bbox 664 2485 787 2552; x_wconf 77' lang='lat' dir='ltr'>fairrino</span> <span class='ocrx_word' id='word_1_132' title='bbox 802 2482 841 2549; x_wconf 87' lang='lat' dir='ltr'>ad</span> <span class='ocrx_word' id='word_1_133' title='bbox 857 2483 985 2568; x_wconf 83' lang='lat' dir='ltr'>ineptias</span> <span class='ocrx_word' id='word_1_134' title='bbox 1001 2504 1104 2571; x_wconf 85' lang='lat' dir='ltr'>usque</span> 
     </span>
     <span class='ocr_line' id='line_1_20' title="bbox 180 2598 1118 2687; baseline -0.007 -14"><span class='ocrx_word' id='word_1_135' title='bbox 180 2604 407 2673; x_wconf 72' lang='lat' dir='ltr'>conlectantur.</span> <span class='ocrx_word' id='word_1_136' title='bbox 456 2598 535 2667; x_wconf 79' lang='lat' dir='ltr'>Nure</span> <span class='ocrx_word' id='word_1_137' title='bbox 558 2601 624 2681; x_wconf 92' lang='lat' dir='ltr'>illi,</span> <span class='ocrx_word' id='word_1_138' title='bbox 646 2600 779 2687; x_wconf 79' lang='lat' dir='ltr'>legendis</span> <span class='ocrx_word' id='word_1_139' title='bbox 802 2598 914 2665; x_wconf 83' lang='lat' dir='ltr'>divinia</span> <span class='ocrx_word' id='word_1_140' title='bbox 929 2599 1056 2666; x_wconf 84' lang='lat' dir='ltr'>Homeri</span> <span class='ocrx_word' id='word_1_141' title='bbox 1072 2599 1118 2666; x_wconf 63' lang='lat' dir='ltr'>da</span> 
     </span>
     <span class='ocr_line' id='line_1_21' title="bbox 179 2714 1105 2804; baseline -0.009 -20"><span class='ocrx_word' id='word_1_142' title='bbox 179 2716 304 2804; x_wconf 79' lang='lat' dir='ltr'>Virgilii</span> <span class='ocrx_word' id='word_1_143' title='bbox 325 2714 539 2796; x_wconf 82' lang='lat' dir='ltr'>carminibus,</span> <span class='ocrx_word' id='word_1_144' title='bbox 563 2732 625 2779; x_wconf 85' lang='lat' dir='ltr'>urta</span> <span class='ocrx_word' id='word_1_145' title='bbox 643 2734 715 2781; x_wconf 90' lang='lat' dir='ltr'>cum</span> <span class='ocrx_word' id='word_1_146' title='bbox 733 2714 836 2797; x_wconf 78' lang='lat' dir='ltr'>poitis</span> <span class='ocrx_word' id='word_1_147' title='bbox 853 2714 957 2779; x_wconf 87' lang='lat' dir='ltr'>animo</span> <span class='ocrx_word' id='word_1_148' title='bbox 973 2714 1105 2778; x_wconf 81' lang='lat' dir='ltr'>efferun-</span> 
     </span>
     <span class='ocr_line' id='line_1_22' title="bbox 182 2824 1106 2915; baseline -0.012 -15"><span class='ocrx_word' id='word_1_149' title='bbox 182 2846 257 2915; x_wconf 86' lang='lat' dir='ltr'>tur,</span> <span class='ocrx_word' id='word_1_150' title='bbox 286 2832 318 2897; x_wconf 86' lang='lat' dir='ltr'>dr</span> <span class='ocrx_word' id='word_1_151' title='bbox 341 2829 433 2897; x_wconf 79' lang='lat' dir='ltr'>semet</span> <span class='ocrx_word' id='word_1_152' title='bbox 455 2828 511 2911; x_wconf 87' lang='lat' dir='ltr'>ipsr</span> <span class='ocrx_word' id='word_1_153' title='bbox 532 2827 673 2896; x_wconf 84' lang='lat' dir='ltr'>ridentur</span> <span class='ocrx_word' id='word_1_154' title='bbox 692 2830 822 2912; x_wconf 87' lang='lat' dir='ltr'>majorca</span> <span class='ocrx_word' id='word_1_155' title='bbox 840 2826 924 2906; x_wconf 87' lang='lat' dir='ltr'>fieri,</span> <span class='ocrx_word' id='word_1_156' title='bbox 946 2842 1008 2891; x_wconf 88' lang='lat' dir='ltr'>non</span> <span class='ocrx_word' id='word_1_157' title='bbox 1029 2824 1106 2890; x_wconf 89' lang='lat' dir='ltr'>inte·</span> 
     </span>
     <span class='ocr_line' id='line_1_23' title="bbox 184 2935 1109 3027; baseline -0.009 -14"><span class='ocrx_word' id='word_1_158' title='bbox 184 2946 281 3013; x_wconf 84' lang='lat' dir='ltr'>riorca</span> <span class='ocrx_word' id='word_1_159' title='bbox 313 2942 425 3027; x_wconf 85' lang='lat' dir='ltr'>ingenii</span> <span class='ocrx_word' id='word_1_160' title='bbox 448 2942 480 3009; x_wconf 85' lang='lat' dir='ltr'>dt</span> <span class='ocrx_word' id='word_1_161' title='bbox 503 2942 661 3026; x_wconf 80' lang='lat' dir='ltr'>sapientiae</span> <span class='ocrx_word' id='word_1_162' title='bbox 684 2960 761 3023; x_wconf 81' lang='lat' dir='ltr'>oper</span> <span class='ocrx_word' id='word_1_163' title='bbox 788 2952 970 3022; x_wconf 87' lang='lat' dir='ltr'>quaerunt,</span> <span class='ocrx_word' id='word_1_164' title='bbox 999 2935 1048 3001; x_wconf 83' lang='lat' dir='ltr'>sed</span> <span class='ocrx_word' id='word_1_165' title='bbox 1073 2939 1109 3005; x_wconf 85' lang='lat' dir='ltr'>iu</span> 
     </span>
     <span class='ocr_line' id='line_1_24' title="bbox 184 3051 1112 3137; baseline -0.008 -12"><span class='ocrx_word' id='word_1_166' title='bbox 184 3060 350 3125; x_wconf 88' lang='lat' dir='ltr'>verborum</span> <span class='ocrx_word' id='word_1_167' title='bbox 378 3058 493 3123; x_wconf 86' lang='lat' dir='ltr'>cortice</span> <span class='ocrx_word' id='word_1_168' title='bbox 516 3059 658 3137; x_wconf 85' lang='lat' dir='ltr'>haerent,</span> <span class='ocrx_word' id='word_1_169' title='bbox 688 3053 864 3135; x_wconf 81' lang='lat' dir='ltr'>fabulisque</span> <span class='ocrx_word' id='word_1_170' title='bbox 887 3051 1112 3135; x_wconf 67' lang='lat' dir='ltr'>cognoscendis</span> 
     </span>
     <span class='ocr_line' id='line_1_25' title="bbox 183 3166 1112 3256; baseline -0.006 -17"><span class='ocrx_word' id='word_1_171' title='bbox 183 3173 387 3241; x_wconf 62' lang='lat' dir='ltr'>delcetantur..</span> <span class='ocrx_word' id='word_1_172' title='bbox 429 3171 479 3237; x_wconf 85' lang='lat' dir='ltr'>Err</span> <span class='ocrx_word' id='word_1_173' title='bbox 495 3190 560 3256; x_wconf 91' lang='lat' dir='ltr'>quo</span> <span class='ocrx_word' id='word_1_174' title='bbox 575 3169 749 3235; x_wconf 88' lang='lat' dir='ltr'>fabularum</span> <span class='ocrx_word' id='word_1_175' title='bbox 768 3167 868 3231; x_wconf 85' lang='lat' dir='ltr'>lludr&#39;o</span> <span class='ocrx_word' id='word_1_176' title='bbox 883 3182 967 3231; x_wconf 84' lang='lat' dir='ltr'>ortae</span> <span class='ocrx_word' id='word_1_177' title='bbox 980 3166 1112 3233; x_wconf 79' lang='lat' dir='ltr'>suntvo-</span> 
     </span>
     <span class='ocr_line' id='line_1_26' title="bbox 185 3279 1110 3365; baseline -0.008 -11"><span class='ocrx_word' id='word_1_178' title='bbox 185 3306 244 3354; x_wconf 88' lang='lat' dir='ltr'>nae</span> <span class='ocrx_word' id='word_1_179' title='bbox 258 3286 291 3353; x_wconf 82' lang='lat' dir='ltr'>dr</span> <span class='ocrx_word' id='word_1_180' title='bbox 306 3286 452 3352; x_wconf 85' lang='lat' dir='ltr'>ridiculae</span> <span class='ocrx_word' id='word_1_181' title='bbox 469 3285 575 3350; x_wconf 89' lang='lat' dir='ltr'>talium</span> <span class='ocrx_word' id='word_1_182' title='bbox 594 3284 877 3350; x_wconf 70' lang='lat' dir='ltr'>Grammaticorum</span> <span class='ocrx_word' id='word_1_183' title='bbox 894 3279 1110 3365; x_wconf 76' lang='lat' dir='ltr'>quaestiones,</span> 
     </span>
     <span class='ocr_line' id='line_1_27' title="bbox 187 3374 1113 3486; baseline -0.004 -19"><span class='ocrx_word' id='word_1_184' title='bbox 187 3415 328 3468; x_wconf 85' lang='lat' dir='ltr'>veterum</span> <span class='ocrx_word' id='word_1_185' title='bbox 351 3401 442 3467; x_wconf 85' lang='lat' dir='ltr'>etium</span> <span class='ocrx_word' id='word_1_186' title='bbox 469 3400 603 3464; x_wconf 90' lang='lat' dir='ltr'>ludibrio</span> <span class='ocrx_word' id='word_1_187' title='bbox 619 3374 777 3481; x_wconf 74' lang='lat' dir='ltr'>explosae:</span> <span class='ocrx_word' id='word_1_188' title='bbox 799 3396 886 3486; x_wconf 89' lang='lat' dir='ltr'>Quid</span> <span class='ocrx_word' id='word_1_189' title='bbox 904 3396 1021 3462; x_wconf 82' lang='lat' dir='ltr'>Sirenes</span> <span class='ocrx_word' id='word_1_190' title='bbox 1038 3416 1113 3463; x_wconf 86' lang='lat' dir='ltr'>crur-</span> 
     </span>
     <span class='ocr_line' id='line_1_28' title="bbox 189 3512 1119 3599; baseline -0.004 -18"><span class='ocrx_word' id='word_1_191' title='bbox 189 3530 256 3581; x_wconf 83' lang='lat' dir='ltr'>tare</span> <span class='ocrx_word' id='word_1_192' title='bbox 283 3514 343 3581; x_wconf 85' lang='lat' dir='ltr'>lint</span> <span class='ocrx_word' id='word_1_193' title='bbox 371 3516 501 3582; x_wconf 79' lang='lat' dir='ltr'>solitae‘.²</span> <span class='ocrx_word' id='word_1_194' title='bbox 538 3530 617 3597; x_wconf 91' lang='lat' dir='ltr'>quot</span> <span class='ocrx_word' id='word_1_195' title='bbox 650 3512 773 3597; x_wconf 82' lang='lat' dir='ltr'>Ulylsca</span> <span class='ocrx_word' id='word_1_196' title='bbox 794 3513 922 3599; x_wconf 80' lang='lat' dir='ltr'>remiges</span> <span class='ocrx_word' id='word_1_197' title='bbox 945 3512 1119 3580; x_wconf 56' lang='lat' dir='ltr'>habuerit?</span> 
     </span>
     <span class='ocr_line' id='line_1_29' title="bbox 193 3626 1115 3713; baseline 0 -23"><span class='ocrx_word' id='word_1_198' title='bbox 193 3628 286 3712; x_wconf 88' lang='lat' dir='ltr'>Quae</span> <span class='ocrx_word' id='word_1_199' title='bbox 305 3630 432 3697; x_wconf 85' lang='lat' dir='ltr'>uomina</span> <span class='ocrx_word' id='word_1_200' title='bbox 452 3628 566 3696; x_wconf 79' lang='lat' dir='ltr'>fuerint</span> <span class='ocrx_word' id='word_1_201' title='bbox 582 3631 711 3695; x_wconf 87' lang='lat' dir='ltr'>heroum</span> <span class='ocrx_word' id='word_1_202' title='bbox 735 3628 767 3695; x_wconf 90' lang='lat' dir='ltr'>irr</span> <span class='ocrx_word' id='word_1_203' title='bbox 791 3647 874 3712; x_wconf 86' lang='lat' dir='ltr'>equo</span> <span class='ocrx_word' id='word_1_204' title='bbox 899 3628 1039 3713; x_wconf 60' lang='lat' dir='ltr'>&#39;luojano</span> <span class='ocrx_word' id='word_1_205' title='bbox 1060 3626 1115 3691; x_wconf 84' lang='lat' dir='ltr'>ab·</span> 
     </span>
     <span class='ocr_line' id='line_1_30' title="bbox 191 3740 1117 3829; baseline -0.017 -16"><span class='ocrx_word' id='word_1_206' title='bbox 191 3741 354 3813; x_wconf 63' lang='lat' dir='ltr'>dirorum?</span> <span class='ocrx_word' id='word_1_207' title='bbox 382 3743 678 3813; x_wconf 72' lang='lat' dir='ltr'>Anemurium</span> <span class='ocrx_word' id='word_1_208' title='bbox 703 3743 873 3829; x_wconf 76' lang='lat' dir='ltr'>Cyclopa?</span> <span class='ocrx_word' id='word_1_209' title='bbox 902 3740 955 3809; x_wconf 84' lang='lat' dir='ltr'>ot</span> <span class='ocrx_word' id='word_1_210' title='bbox 979 3740 1117 3807; x_wconf 74' lang='lat' dir='ltr'>minutor</span> 
     </span>
    </p>

    <p class='ocr_par' dir='ltr' id='par_1_3' title="bbox 666 3854 1122 3939">
     <span class='ocr_line' id='line_1_31' title="bbox 666 3854 1122 3939; baseline -0.007 -25"><span class='ocrx_word' id='word_1_211' title='bbox 666 3854 699 3921; x_wconf 87' lang='lat' dir='ltr'>H</span> <span class='ocrx_word' id='word_1_212' title='bbox 722 3874 741 3939; x_wconf 76' lang='lat'>3</span> <span class='ocrx_word' id='word_1_213' title='bbox 1057 3864 1122 3912; x_wconf 71' lang='lat' dir='ltr'>mt-</span> 
     </span>
    </p>
   </div>
   <div class='ocr_carea' id='block_1_3' title="bbox 0 0 1303 5146">
    <p class='ocr_par' dir='ltr' id='par_1_4' title="bbox 0 0 1303 5146">
     <span class='ocr_line' id='line_1_32' title="bbox 0 0 1303 5146; baseline 0 0"><span class='ocrx_word' id='word_1_214' title='bbox 0 0 1303 5146; x_wconf 95' lang='lat' dir='ltr'> </span> 
     </span>
    </p>
   </div>
  </div>
 </body>
</html>
