2580 5146
356 363 963 439 necessetate.
1067 396 1111 461 91

185 555 298 639 videt,
326 554 451 625 Veteres
477 572 495 618 a
520 551 741 618 recentioribus
759 553 790 617 in
808 553 944 636 Physicis
962 555 1113 641 &pleris-

189 691 258 753 que
288 669 537 749 Mathematicis,
575 684 653 749 qnae
682 667 830 750 longioris
862 670 927 734 aevi
956 672 1112 755 diligentia

183 782 348 866 constent,
368 788 461 868 longe
480 783 680 861 multumque
700 781 858 862 superari?
881 786 915 848 ln
933 803 997 867 qno
1011 802 1113 853 tamen

182 898 358 984 vituperate
378 896 617 979 antiquitatem,
648 894 909 978 &contemnere,
933 898 1019 979 quod
1035 902 1116 986 mul.

181 1025 238 1079 tot
260 1008 360 1083 fecere
383 1011 512 1092 videas,
542 1008 603 1081 five
632 1008 757 1075 stultitia
777 1010 841 1088 cil,
865 1009 926 1075 fine
943 1013 1113 1100 iniqnitas,

179 1127 246 1195 uve
262 1116 454 1210 unumque.-
492 1122 559 1190 mn
580 1124 660 1189 forre
684 1122 756 1205 ans
773 1122 862 1188 enam
876 1124 1038 1211 urryncrs,
1057 1102 1113 1214 <iat

177 1254 268 1309 nnnc
282 1241 379 1323 sunt,
402 1239 638 1307 obttesiandurn
656 1254 766 1321 putet,
789 1237 875 1319 quod
891 1260 954 1307 non
969 1244 1115 1328 eosdem,

177 1374 265 1441 quos
298 1356 355 1439 qui
386 1353 458 1439 posi
496 1356 577 1420 mille
605 1371 702 1421 antros
725 1352 824 1418 snturi
852 1354 949 1435 sunt,
988 1359 1020 1424 in
1046 1376 1110 1427 arte

177 1472 237 1539 sua
259 1468 434 1557 progressus
458 1467 599 1536 fecerint.
653 1469 770 1533 Verum
795 1484 896 1535 tamen
915 1470 1044 1555 ingenue
1060 1474 1109 1541 ft·

175 1584 308 1655 tendum
334 1581 399 1666 esi,
427 1582 568 1649 Graecos
594 1601 724 1663 omnes,
748 1604 785 1647 ne
801 1584 964 1668 Leucippo
980 1588 1106 1670 quidem

175 1699 212 1767 tr
234 1698 416 1766 Democrito
441 1698 599 1781 exceptis,
623 1696 676 1779 qui
693 1697 894 1782 Plryficorum
914 1702 1002 1784 longe
1020 1706 1106 1786 prin·

175 1812 267 1897 cipes
293 1825 515 1893 numerantur,
545 1812 577 1878 in
593 1811 651 1877 hae
667 1829 793 1877 naturae
810 1813 933 1878 scientia
948 1817 1104 1901 conjeslu·

172 1928 222 1996 ris
247 1926 384 1993 tribuisse
407 1926 566 2008 nimium,
596 1927 810 2010 experimentis
833 1945 955 2009 parum.
1007 1930 1106 2015 Quod
1217 1980 1221 1987 .

172 2042 260 2109 idem
288 2040 490 2121 inllitutum,
528 2040 615 2125 gravi
636 2040 808 2123 praeclarae
829 2038 924 2122 hujus
950 2039 1107 2114 dosirinte

172 2156 385 2238 detrimenm,
407 2155 529 2239 Physrci
546 2153 691 2237 deinceps
706 2151 800 2218 secuti
818 2158 987 2236 permulta
1005 2156 1106 2225 secula

173 2285 359 2340 tenuerunt
394 2269 493 2336 donec
516 2270 602 2335 liaeo
627 2267 857 2350 Verulamius,
885 2269 1104 2357 ceillerum,

173 2384 236 2472 qui
260 2385 298 2450 de
319 2383 534 2470 Philosophiae
562 2382 839 2449 &laudandarum
862 2385 971 2452 artium
999 2388 1105 2459 studiis

170 2503 257 2569 bene
270 2500 368 2567 meriti
384 2499 475 2581 sunt,
498 2515 653 2581 antepono
670 2498 842 2582 neminem,
867 2519 1105 2589 comparopau.

175 2635 258 2701 eos,
290 2632 416 2682 naturae
439 2615 644 2698 speculatores
663 2633 681 2678 a
699 2632 780 2679 vano
796 2615 988 2700 conjeslanrli
1005 2620 1108 2687 lludio

174 2730 219 2807 ad
259 2731 353 2817 ipsam
381 2745 521 2795 naturam
554 2725 805 2809 observandam,
843 2729 994 2815 factisque
1025 2734 1105 2816 peri.

175 2848 261 2916 culis
280 2843 499 2930 etquirendam
527 2842 698 2909 revocavit.
753 2842 953 2928 Quamquam
978 2847 1017 2909 ad
1044 2847 1107 2912 Ver

173 2977 278 3029 terum
299 2959 548 3040 excusationem,
578 2976 641 3024 non
665 2955 767 3038 deest,
802 2956 888 3038 qnod
911 2956 974 3021 dici
1000 2958 1103 3040 polit.

175 3073 329 3142 Nondum
347 3075 428 3140 enim
442 3076 555 3150 oculus
572 3088 635 3137 arte
652 3073 779 3159 adjutos
796 3087 880 3149 erat,
900 3072 1037 3138 nundum
1057 3074 1105 3141 in·

176 3204 272 3256 trenta
292 3189 406 3271 antlia,
437 3206 532 3271 qnam
558 3201 693 3268 vocant,
723 3185 941 3270 pneumatica,
963 3190 1103 3263 nondum

175 3303 309 3387 denique
323 3318 371 3370 tot
386 3303 444 3368 alia
462 3302 599 3371 sensuum
616 3319 826 3384 manuumque
835 3302 883 3386 adj
888 3276 1104 3372 nnuntarom·

175 3432 306 3503 parata,
328 3417 391 3484 fine
405 3418 544 3502 quibus,
567 3416 705 3498 fallitur,
727 3416 781 3498 qui
798 3417 826 3481 se
843 3417 871 3480 in
888 3433 1011 3483 naturae
1028 3440 1104 3506 cog·

176 3533 296 3600 mitione
315 3536 447 3600 multum
468 3531 703 3617 profligatorum
727 3546 827 3613 putet.
872 3531 983 3618 Neque
1000 3552 1104 3609 tamen

179 3645 293 3727 aliquis
306 3648 396 3714 nobis
412 3662 557 3713 occurrat
572 3645 634 3727 fic,
659 3662 695 3712 ut
712 3645 813 3726 dicat,
826 3666 864 3713 ex
880 3648 928 3713 iris
944 3664 1005 3715 tarn
1016 3668 1103 3733 praes

177 3760 259 3845 clem
268 3758 423 3846 uiuentis,
447 3781 525 3861 quae
542 3760 638 3837 modo
656 3764 990 3845 commemoravimus,
1004 3780 1102 3842 qrrnn·

1035 3886 1103 3953 tunt
