<?xml version="1.0" encoding="UTF-8"?>
<!DOCTYPE html PUBLIC "-//W3C//DTD XHTML 1.0 Transitional//EN"
    "http://www.w3.org/TR/xhtml1/DTD/xhtml1-transitional.dtd">
<html xmlns="http://www.w3.org/1999/xhtml" xml:lang="en" lang="en">
 <head>
  <title>
</title>
<meta http-equiv="Content-Type" content="text/html;charset=utf-8" />
  <meta name='ocr-system' content='tesseract 3.04.00' />
  <meta name='ocr-capabilities' content='ocr_page ocr_carea ocr_par ocr_line ocrx_word'/>
</head>
<body>
  <div class='ocr_page' id='page_1' title='image "./davidisruhnkeni00ruhngoog_0113.png"; bbox 0 0 2580 5146; ppageno 0'>
   <div class='ocr_carea' id='block_1_1' title="bbox 352 326 1099 427">
    <p class='ocr_par' dir='ltr' id='par_1_1' title="bbox 352 326 1099 427">
     <span class='ocr_line' id='line_1_1' title="bbox 352 326 1099 427; baseline 0.003 -24"><span class='ocrx_word' id='word_1_1' title='bbox 352 326 435 421; x_wconf 80' lang='lat' dir='ltr'><strong>nn</strong></span> <span class='ocrx_word' id='word_1_2' title='bbox 485 326 817 404; x_wconf 79' lang='lat' dir='ltr'><strong>onnncrn</strong></span> <span class='ocrx_word' id='word_1_3' title='bbox 867 336 928 409; x_wconf 76' lang='lat' dir='ltr'><strong>oe.</strong></span> <span class='ocrx_word' id='word_1_4' title='bbox 1057 362 1099 427; x_wconf 73' lang='lat'><strong>99</strong></span> 
     </span>
    </p>
   </div>
   <div class='ocr_carea' id='block_1_2' title="bbox 117 514 1101 3685">
    <p class='ocr_par' dir='ltr' id='par_1_2' title="bbox 169 514 1097 830">
     <span class='ocr_line' id='line_1_2' title="bbox 169 514 1097 603; baseline 0.004 -18"><span class='ocrx_word' id='word_1_5' title='bbox 169 515 349 599; x_wconf 81' lang='lat' dir='ltr'><strong>beatosque</strong></span> <span class='ocrx_word' id='word_1_6' title='bbox 359 514 524 602; x_wconf 74' lang='lat' dir='ltr'><strong>indicent,</strong></span> <span class='ocrx_word' id='word_1_7' title='bbox 545 514 567 581; x_wconf 81' lang='lat' dir='ltr'><strong>sn</strong></span> <span class='ocrx_word' id='word_1_8' title='bbox 586 515 664 601; x_wconf 89' lang='lat' dir='ltr'><strong>quid</strong></span> <span class='ocrx_word' id='word_1_9' title='bbox 679 516 850 601; x_wconf 88' lang='lat' dir='ltr'><strong>imitando,</strong></span> <span class='ocrx_word' id='word_1_10' title='bbox 860 518 946 603; x_wconf 92' lang='lat' dir='ltr'><strong>qnod</strong></span> <span class='ocrx_word' id='word_1_11' title='bbox 960 522 1097 603; x_wconf 80' lang='lat' dir='ltr'><strong>proxime</strong></span> 
     </span>
     <span class='ocr_line' id='line_1_3' title="bbox 173 629 1096 721; baseline 0.004 -24"><span class='ocrx_word' id='word_1_12' title='bbox 173 630 221 697; x_wconf 78' lang='lat' dir='ltr'><strong>ad</strong></span> <span class='ocrx_word' id='word_1_13' title='bbox 255 629 368 698; x_wconf 83' lang='lat' dir='ltr'><strong>Graeci</strong></span> <span class='ocrx_word' id='word_1_14' title='bbox 401 629 615 717; x_wconf 63' lang='lat' dir='ltr'><strong>praestantiam</strong></span> <span class='ocrx_word' id='word_1_15' title='bbox 645 633 747 716; x_wconf 84' lang='lat' dir='ltr'><strong>operis</strong></span> <span class='ocrx_word' id='word_1_16' title='bbox 780 634 928 718; x_wconf 77' lang='lat' dir='ltr'><strong>accedat,</strong></span> <span class='ocrx_word' id='word_1_17' title='bbox 960 634 1096 721; x_wconf 73' lang='lat' dir='ltr'><strong>effingere</strong></span> 
     </span>
     <span class='ocr_line' id='line_1_4' title="bbox 173 758 873 830; baseline -0.007 0"><span class='ocrx_word' id='word_1_18' title='bbox 173 758 307 830; x_wconf 59' lang='lat' dir='ltr'><strong>iiim&amp;</strong></span> <span class='ocrx_word' id='word_1_19' title='bbox 867 813 873 825; x_wconf 93' lang='lat'>.</span> 
     </span>
    </p>

    <p class='ocr_par' dir='ltr' id='par_1_3' title="bbox 117 857 1101 3685">
     <span class='ocr_line' id='line_1_5' title="bbox 219 857 1097 944; baseline 0.002 -17"><span class='ocrx_word' id='word_1_20' title='bbox 219 858 285 927; x_wconf 86' lang='lat' dir='ltr'><strong>Sed</strong></span> <span class='ocrx_word' id='word_1_21' title='bbox 309 876 373 944; x_wconf 86' lang='lat' dir='ltr'><strong>quo</strong></span> <span class='ocrx_word' id='word_1_22' title='bbox 385 859 476 944; x_wconf 82' lang='lat' dir='ltr'><strong>plura</strong></span> <span class='ocrx_word' id='word_1_23' title='bbox 490 857 684 928; x_wconf 85' lang='lat' dir='ltr'><strong>Graecorum</strong></span> <span class='ocrx_word' id='word_1_24' title='bbox 699 860 822 928; x_wconf 85' lang='lat' dir='ltr'><strong>inventa</strong></span> <span class='ocrx_word' id='word_1_25' title='bbox 837 859 957 944; x_wconf 75' lang='lat' dir='ltr'><strong>resero,</strong></span> <span class='ocrx_word' id='word_1_26' title='bbox 978 879 1016 929; x_wconf 93' lang='lat' dir='ltr'><strong>eo</strong></span> <span class='ocrx_word' id='word_1_27' title='bbox 1034 880 1097 929; x_wconf 87' lang='lat' dir='ltr'><strong>ma·</strong></span> 
     </span>
     <span class='ocr_line' id='line_1_6' title="bbox 176 973 1099 1060; baseline -0.004 -15"><span class='ocrx_word' id='word_1_28' title='bbox 176 974 224 1060; x_wconf 75' lang='lat' dir='ltr'><strong>gis</strong></span> <span class='ocrx_word' id='word_1_29' title='bbox 246 973 325 1045; x_wconf 79' lang='lat' dir='ltr'><strong>mini</strong></span> <span class='ocrx_word' id='word_1_30' title='bbox 348 974 459 1043; x_wconf 86' lang='lat' dir='ltr'><strong>crescit</strong></span> <span class='ocrx_word' id='word_1_31' title='bbox 484 975 609 1042; x_wconf 76' lang='lat' dir='ltr'><strong>mmeria</strong></span> <span class='ocrx_word' id='word_1_32' title='bbox 634 976 768 1042; x_wconf 58' lang='lat' dir='ltr'><strong>dicendis</strong></span> <span class='ocrx_word' id='word_1_33' title='bbox 812 976 936 1043; x_wconf 80' lang='lat' dir='ltr'>Etenim</span> <span class='ocrx_word' id='word_1_34' title='bbox 950 976 1026 1043; x_wconf 86' lang='lat' dir='ltr'>nihil</span> <span class='ocrx_word' id='word_1_35' title='bbox 1042 976 1099 1043; x_wconf 85' lang='lat' dir='ltr'><strong>ad·</strong></span> 
     </span>
     <span class='ocr_line' id='line_1_7' title="bbox 176 1086 1097 1174; baseline 0 -18"><span class='ocrx_word' id='word_1_36' title='bbox 176 1086 238 1157; x_wconf 87' lang='lat' dir='ltr'><strong>hnc</strong></span> <span class='ocrx_word' id='word_1_37' title='bbox 255 1089 321 1157; x_wconf 83' lang='lat' dir='ltr'>dixi</span> <span class='ocrx_word' id='word_1_38' title='bbox 335 1087 375 1155; x_wconf 88' lang='lat' dir='ltr'><strong>de</strong></span> <span class='ocrx_word' id='word_1_39' title='bbox 389 1088 609 1174; x_wconf 80' lang='lat' dir='ltr'><strong>Geogrtphia,</strong></span> <span class='ocrx_word' id='word_1_40' title='bbox 632 1091 707 1156; x_wconf 77' lang='lat' dir='ltr'><strong>nihil</strong></span> <span class='ocrx_word' id='word_1_41' title='bbox 726 1089 763 1155; x_wconf 93' lang='lat' dir='ltr'><strong>de</strong></span> <span class='ocrx_word' id='word_1_42' title='bbox 780 1086 999 1173; x_wconf 85' lang='lat' dir='ltr'><strong>Gnomonica,</strong></span> <span class='ocrx_word' id='word_1_43' title='bbox 1020 1092 1097 1159; x_wconf 86' lang='lat' dir='ltr'><strong>nihii</strong></span> 
     </span>
     <span class='ocr_line' id='line_1_8' title="bbox 179 1202 1095 1290; baseline 0 -20"><span class='ocrx_word' id='word_1_44' title='bbox 179 1203 439 1289; x_wconf 66' lang='lat' dir='ltr'><strong>definirentur,</strong></span> <span class='ocrx_word' id='word_1_45' title='bbox 460 1204 537 1270; x_wconf 86' lang='lat' dir='ltr'><strong>nihil</strong></span> <span class='ocrx_word' id='word_1_46' title='bbox 555 1203 687 1287; x_wconf 86' lang='lat' dir='ltr'><strong>denique</strong></span> <span class='ocrx_word' id='word_1_47' title='bbox 705 1202 743 1269; x_wconf 88' lang='lat' dir='ltr'><strong>de</strong></span> <span class='ocrx_word' id='word_1_48' title='bbox 752 1202 894 1285; x_wconf 84' lang='lat' dir='ltr'><strong>Musica,</strong></span> <span class='ocrx_word' id='word_1_49' title='bbox 918 1224 997 1289; x_wconf 86' lang='lat' dir='ltr'><strong>quae</strong></span> <span class='ocrx_word' id='word_1_50' title='bbox 1011 1204 1095 1290; x_wconf 82' lang='lat' dir='ltr'>&amp;ip-</span> 
     </span>
     <span class='ocr_line' id='line_1_9' title="bbox 174 1314 1098 1402; baseline 0.005 -17"><span class='ocrx_word' id='word_1_51' title='bbox 174 1316 292 1385; x_wconf 80' lang='lat' dir='ltr'><strong>sncum</strong></span> <span class='ocrx_word' id='word_1_52' title='bbox 310 1317 385 1385; x_wconf 87' lang='lat' dir='ltr'><strong>olim</strong></span> <span class='ocrx_word' id='word_1_53' title='bbox 400 1314 550 1385; x_wconf 78' lang='lat' dir='ltr'><strong>diathesis</strong></span> <span class='ocrx_word' id='word_1_54' title='bbox 563 1330 635 1402; x_wconf 81' lang='lat' dir='ltr'><strong>pars</strong></span> <span class='ocrx_word' id='word_1_55' title='bbox 648 1316 740 1400; x_wconf 89' lang='lat' dir='ltr'><strong>esset,</strong></span> <span class='ocrx_word' id='word_1_56' title='bbox 761 1316 907 1402; x_wconf 84' lang='lat' dir='ltr'><strong>insignem</strong></span> <span class='ocrx_word' id='word_1_57' title='bbox 922 1318 1098 1390; x_wconf 83' lang='lat' dir='ltr'><strong>Mathema-</strong></span> 
     </span>
     <span class='ocr_line' id='line_1_10' title="bbox 177 1430 1094 1523; baseline 0.003 -23"><span class='ocrx_word' id='word_1_58' title='bbox 177 1432 312 1501; x_wconf 74' lang='lat' dir='ltr'><strong>‘ticorum</strong></span> <span class='ocrx_word' id='word_1_59' title='bbox 326 1450 419 1517; x_wconf 80' lang='lat' dir='ltr'><strong>opem</strong></span> <span class='ocrx_word' id='word_1_60' title='bbox 436 1430 627 1499; x_wconf 76' lang='lat' dir='ltr'><strong>&amp;arrrninm</strong></span> <span class='ocrx_word' id='word_1_61' title='bbox 639 1430 822 1523; x_wconf 67' lang='lat' dir='ltr'><strong>expertaestt</strong></span> <span class='ocrx_word' id='word_1_62' title='bbox 866 1433 979 1518; x_wconf 84' lang='lat' dir='ltr'><strong>Neque</strong></span> <span class='ocrx_word' id='word_1_63' title='bbox 995 1454 1094 1521; x_wconf 85' lang='lat' dir='ltr'><strong>apro-</strong></span> 
     </span>
     <span class='ocr_line' id='line_1_11' title="bbox 176 1526 1095 1632; baseline 0.003 -19"><span class='ocrx_word' id='word_1_64' title='bbox 176 1544 277 1632; x_wconf 82' lang='lat' dir='ltr'><strong>pofito</strong></span> <span class='ocrx_word' id='word_1_65' title='bbox 295 1546 428 1615; x_wconf 82' lang='lat' dir='ltr'><strong>alienum</strong></span> <span class='ocrx_word' id='word_1_66' title='bbox 443 1544 547 1628; x_wconf 85' lang='lat' dir='ltr'><strong>foret,</strong></span> <span class='ocrx_word' id='word_1_67' title='bbox 569 1544 608 1609; x_wconf 83' lang='lat' dir='ltr'><strong>de</strong></span> <span class='ocrx_word' id='word_1_68' title='bbox 625 1526 969 1632; x_wconf 74' lang='lat' dir='ltr'><strong>nobiuffimie&#39;artibue,</strong></span> <span class='ocrx_word' id='word_1_69' title='bbox 990 1548 1095 1617; x_wconf 75' lang='lat' dir='ltr'><strong>Pictu-</strong></span> 
     </span>
     <span class='ocr_line' id='line_1_12' title="bbox 175 1659 1095 1747; baseline 0.004 -19"><span class='ocrx_word' id='word_1_70' title='bbox 175 1664 211 1728; x_wconf 82' lang='lat' dir='ltr'><strong>ia</strong></span> <span class='ocrx_word' id='word_1_71' title='bbox 234 1661 266 1733; x_wconf 81' lang='lat' dir='ltr'><strong>de</strong></span> <span class='ocrx_word' id='word_1_72' title='bbox 286 1661 455 1745; x_wconf 81' lang='lat' dir='ltr'><strong>Sculpturt</strong></span> <span class='ocrx_word' id='word_1_73' title='bbox 475 1659 527 1727; x_wconf 89' lang='lat' dir='ltr'><strong>hic</strong></span> <span class='ocrx_word' id='word_1_74' title='bbox 548 1659 711 1729; x_wconf 84' lang='lat' dir='ltr'><strong>dissereret</strong></span> <span class='ocrx_word' id='word_1_75' title='bbox 740 1659 910 1747; x_wconf 74' lang='lat' dir='ltr'><strong>inquibus</strong></span> <span class='ocrx_word' id='word_1_76' title='bbox 934 1662 1095 1731; x_wconf 72' lang='lat' dir='ltr'>laudandis</span> 
     </span>
     <span class='ocr_line' id='line_1_13' title="bbox 117 1768 1098 1864; baseline 0.004 -21"><span class='ocrx_word' id='word_1_77' title='bbox 117 1768 121 1773; x_wconf 76' lang='grc'><strong>’</strong></span> <span class='ocrx_word' id='word_1_78' title='bbox 178 1790 330 1859; x_wconf 80' lang='lat' dir='ltr'><strong>quantum</strong></span> <span class='ocrx_word' id='word_1_79' title='bbox 353 1774 383 1843; x_wconf 89' lang='lat' dir='ltr'><strong>se</strong></span> <span class='ocrx_word' id='word_1_80' title='bbox 401 1774 515 1862; x_wconf 73' lang='lat' dir='ltr'><strong>instare</strong></span> <span class='ocrx_word' id='word_1_81' title='bbox 539 1774 639 1843; x_wconf 78' lang='lat' dir='ltr'><strong>nostra</strong></span> <span class='ocrx_word' id='word_1_82' title='bbox 654 1773 753 1859; x_wconf 79' lang='lat' dir='ltr'><strong>podet</strong></span> <span class='ocrx_word' id='word_1_83' title='bbox 769 1774 889 1843; x_wconf 84' lang='lat' dir='ltr'><strong>oratioi</strong></span> <span class='ocrx_word' id='word_1_84' title='bbox 912 1777 999 1864; x_wconf 85' lang='lat' dir='ltr'>Quid</span> <span class='ocrx_word' id='word_1_85' title='bbox 1014 1780 1098 1847; x_wconf 86' lang='lat' dir='ltr'><strong>enim</strong></span> 
     </span>
     <span class='ocr_line' id='line_1_14' title="bbox 180 1886 1101 1974; baseline 0.003 -19"><span class='ocrx_word' id='word_1_86' title='bbox 180 1886 333 1974; x_wconf 67' lang='lat' dir='ltr'><strong>simorum</strong></span> <span class='ocrx_word' id='word_1_87' title='bbox 347 1889 438 1957; x_wconf 81' lang='lat' dir='ltr'><strong>habet</strong></span> <span class='ocrx_word' id='word_1_88' title='bbox 451 1902 533 1955; x_wconf 79' lang='lat' dir='ltr'><strong>nette</strong></span> <span class='ocrx_word' id='word_1_89' title='bbox 549 1890 718 1974; x_wconf 85' lang='lat' dir='ltr'><strong>recentior,</strong></span> <span class='ocrx_word' id='word_1_90' title='bbox 740 1889 914 1972; x_wconf 91' lang='lat' dir='ltr'><strong>quodcum</strong></span> <span class='ocrx_word' id='word_1_91' title='bbox 930 1891 1101 1974; x_wconf 82' lang='lat' dir='ltr'><strong>antiquita·</strong></span> 
     </span>
     <span class='ocr_line' id='line_1_15' title="bbox 182 2001 1099 2089; baseline 0.001 -23"><span class='ocrx_word' id='word_1_92' title='bbox 182 2001 219 2066; x_wconf 83' lang='lat' dir='ltr'><strong>tis</strong></span> <span class='ocrx_word' id='word_1_93' title='bbox 227 2002 366 2069; x_wconf 84' lang='lat' dir='ltr'><strong>Graecae</strong></span> <span class='ocrx_word' id='word_1_94' title='bbox 379 2004 561 2088; x_wconf 77' lang='lat' dir='ltr'><strong>pignoribus</strong></span> <span class='ocrx_word' id='word_1_95' title='bbox 577 2019 793 2089; x_wconf 77' lang='lat' dir='ltr'><strong>comparatum</strong></span> <span class='ocrx_word' id='word_1_96' title='bbox 806 2015 871 2067; x_wconf 87' lang='lat' dir='ltr'><strong>non</strong></span> <span class='ocrx_word' id='word_1_97' title='bbox 879 2001 1019 2073; x_wconf 76' lang='lat' dir='ltr'><strong>sordenti</strong></span> <span class='ocrx_word' id='word_1_98' title='bbox 1036 2003 1099 2071; x_wconf 88' lang='lat' dir='ltr'><strong>Sed</strong></span> 
     </span>
     <span class='ocr_line' id='line_1_16' title="bbox 181 2114 1100 2202; baseline 0 -19"><span class='ocrx_word' id='word_1_99' title='bbox 181 2115 256 2183; x_wconf 89' lang='lat' dir='ltr'><strong>haec</strong></span> <span class='ocrx_word' id='word_1_100' title='bbox 272 2114 376 2183; x_wconf 85' lang='lat' dir='ltr'><strong>omnia</strong></span> <span class='ocrx_word' id='word_1_101' title='bbox 389 2136 445 2201; x_wconf 86' lang='lat' dir='ltr'><strong>pro</strong></span> <span class='ocrx_word' id='word_1_102' title='bbox 461 2119 600 2186; x_wconf 83' lang='lat' dir='ltr'><strong>materiae</strong></span> <span class='ocrx_word' id='word_1_103' title='bbox 620 2117 769 2202; x_wconf 85' lang='lat' dir='ltr'>dignitate</span> <span class='ocrx_word' id='word_1_104' title='bbox 785 2114 958 2199; x_wconf 84' lang='lat' dir='ltr'><strong>explicare,</strong></span> <span class='ocrx_word' id='word_1_105' title='bbox 979 2130 1100 2201; x_wconf 88' lang='lat' dir='ltr'><strong>tempo·</strong></span> 
     </span>
     <span class='ocr_line' id='line_1_17' title="bbox 179 2229 1098 2317; baseline 0 -21"><span class='ocrx_word' id='word_1_106' title='bbox 179 2230 241 2314; x_wconf 78' lang='lat' dir='ltr'><strong>tis,</strong></span> <span class='ocrx_word' id='word_1_107' title='bbox 272 2229 387 2316; x_wconf 79' lang='lat' dir='ltr'><strong>quibus</strong></span> <span class='ocrx_word' id='word_1_108' title='bbox 410 2232 603 2317; x_wconf 88' lang='lat' dir='ltr'><strong>concludor,</strong></span> <span class='ocrx_word' id='word_1_109' title='bbox 631 2230 787 2317; x_wconf 78' lang='lat' dir='ltr'><strong>angustiae</strong></span> <span class='ocrx_word' id='word_1_110' title='bbox 812 2243 929 2297; x_wconf 60' lang='lat' dir='ltr'><strong>vetant,</strong></span> <span class='ocrx_word' id='word_1_111' title='bbox 983 2230 1098 2314; x_wconf 87' lang='lat' dir='ltr'><strong>Neque</strong></span> 
     </span>
     <span class='ocr_line' id='line_1_18' title="bbox 181 2343 1097 2432; baseline 0.003 -20"><span class='ocrx_word' id='word_1_112' title='bbox 181 2357 278 2414; x_wconf 87' lang='lat' dir='ltr'><strong>nmen</strong></span> <span class='ocrx_word' id='word_1_113' title='bbox 293 2345 338 2417; x_wconf 90' lang='lat' dir='ltr'><strong>ita</strong></span> <span class='ocrx_word' id='word_1_114' title='bbox 352 2348 580 2432; x_wconf 83' lang='lat' dir='ltr'><strong>properandum</strong></span> <span class='ocrx_word' id='word_1_115' title='bbox 594 2346 660 2429; x_wconf 85' lang='lat' dir='ltr'><strong>est,</strong></span> <span class='ocrx_word' id='word_1_116' title='bbox 682 2362 718 2412; x_wconf 89' lang='lat' dir='ltr'><strong>ut</strong></span> <span class='ocrx_word' id='word_1_117' title='bbox 735 2343 996 2429; x_wconf 78' lang='lat' dir='ltr'><strong>praeclarissimam</strong></span> <span class='ocrx_word' id='word_1_118' title='bbox 1013 2344 1097 2415; x_wconf 84' lang='lat' dir='ltr'><strong>iilam</strong></span> 
     </span>
     <span class='ocr_line' id='line_1_19' title="bbox 177 2458 1096 2547; baseline 0.001 -20"><span class='ocrx_word' id='word_1_119' title='bbox 177 2458 326 2528; x_wconf 83' lang='lat' dir='ltr'><strong>humanae</strong></span> <span class='ocrx_word' id='word_1_120' title='bbox 357 2460 438 2527; x_wconf 81' lang='lat' dir='ltr'><strong>vitae</strong></span> <span class='ocrx_word' id='word_1_121' title='bbox 459 2462 600 2547; x_wconf 83' lang='lat' dir='ltr'><strong>sospitam</strong></span> <span class='ocrx_word' id='word_1_122' title='bbox 624 2461 656 2529; x_wconf 78' lang='lat' dir='ltr'><strong>ue</strong></span> <span class='ocrx_word' id='word_1_123' title='bbox 679 2459 950 2543; x_wconf 77' lang='lat' dir='ltr'><strong>conservatricem,</strong></span> <span class='ocrx_word' id='word_1_124' title='bbox 986 2461 1096 2531; x_wconf 85' lang='lat' dir='ltr'><strong>Artem</strong></span> 
     </span>
     <span class='ocr_line' id='line_1_20' title="bbox 177 2573 1093 2662; baseline 0 -20"><span class='ocrx_word' id='word_1_125' title='bbox 177 2575 358 2659; x_wconf 82' lang='lat' dir='ltr'><strong>Medicam,</strong></span> <span class='ocrx_word' id='word_1_126' title='bbox 389 2577 482 2662; x_wconf 83' lang='lat' dir='ltr'><strong>cujus</strong></span> <span class='ocrx_word' id='word_1_127' title='bbox 497 2595 558 2662; x_wconf 85' lang='lat' dir='ltr'><strong>ope</strong></span> <span class='ocrx_word' id='word_1_128' title='bbox 573 2597 646 2644; x_wconf 89' lang='lat' dir='ltr'><strong>cum</strong></span> <span class='ocrx_word' id='word_1_129' title='bbox 662 2577 792 2643; x_wconf 81' lang='lat' dir='ltr'><strong>maxime</strong></span> <span class='ocrx_word' id='word_1_130' title='bbox 808 2574 953 2660; x_wconf 80' lang='lat' dir='ltr'><strong>indigeo,</strong></span> <span class='ocrx_word' id='word_1_131' title='bbox 974 2573 1093 2644; x_wconf 78' lang='lat' dir='ltr'><strong>silentio</strong></span> 
     </span>
     <span class='ocr_line' id='line_1_21' title="bbox 175 2670 1093 2776; baseline -0.003 -16"><span class='ocrx_word' id='word_1_132' title='bbox 175 2670 425 2775; x_wconf 71' lang='lat' dir='ltr'><strong>maetermittdma</strong></span> <span class='ocrx_word' id='word_1_133' title='bbox 476 2690 587 2772; x_wconf 87' lang='lat' dir='ltr'><strong>Haec,</strong></span> <span class='ocrx_word' id='word_1_134' title='bbox 608 2707 644 2759; x_wconf 92' lang='lat' dir='ltr'><strong>ut</strong></span> <span class='ocrx_word' id='word_1_135' title='bbox 656 2691 790 2776; x_wconf 83' lang='lat' dir='ltr'><strong>reliquae</strong></span> <span class='ocrx_word' id='word_1_136' title='bbox 804 2705 905 2772; x_wconf 82' lang='lat' dir='ltr'><strong>arten,</strong></span> <span class='ocrx_word' id='word_1_137' title='bbox 928 2690 1093 2758; x_wconf 76' lang='lat' dir='ltr'><strong>trudibus</strong></span> 
     </span>
     <span class='ocr_line' id='line_1_22' title="bbox 176 2804 1096 2891; baseline -0.004 -17"><span class='ocrx_word' id='word_1_138' title='bbox 176 2806 358 2891; x_wconf 78' lang='lat' dir='ltr'><strong>exiguisque</strong></span> <span class='ocrx_word' id='word_1_139' title='bbox 379 2804 518 2890; x_wconf 76' lang='lat' dir='ltr'><strong>profecit</strong></span> <span class='ocrx_word' id='word_1_140' title='bbox 538 2804 653 2886; x_wconf 74' lang='lat' dir='ltr'><strong>initiis,</strong></span> <span class='ocrx_word' id='word_1_141' title='bbox 681 2806 803 2875; x_wconf 90' lang='lat' dir='ltr'><strong>tandem</strong></span> <span class='ocrx_word' id='word_1_142' title='bbox 822 2805 1007 2888; x_wconf 83' lang='lat' dir='ltr'><strong>permultos</strong></span> <span class='ocrx_word' id='word_1_143' title='bbox 1026 2822 1096 2888; x_wconf 75' lang='lat' dir='ltr'><strong>gra·</strong></span> 
     </span>
     <span class='ocr_line' id='line_1_23' title="bbox 173 2915 1095 3005; baseline -0.005 -17"><span class='ocrx_word' id='word_1_144' title='bbox 173 2920 234 2988; x_wconf 80' lang='lat' dir='ltr'><strong>dur</strong></span> <span class='ocrx_word' id='word_1_145' title='bbox 255 2920 394 3005; x_wconf 88' lang='lat' dir='ltr'><strong>pervenit</strong></span> <span class='ocrx_word' id='word_1_146' title='bbox 415 2921 456 2986; x_wconf 85' lang='lat' dir='ltr'><strong>ad</strong></span> <span class='ocrx_word' id='word_1_147' title='bbox 477 2919 723 3004; x_wconf 83' lang='lat' dir='ltr'><strong>Hippocratem,</strong></span> <span class='ocrx_word' id='word_1_148' title='bbox 752 2918 893 2985; x_wconf 89' lang='lat' dir='ltr'><strong>divinum</strong></span> <span class='ocrx_word' id='word_1_149' title='bbox 916 2915 1095 3000; x_wconf 89' lang='lat' dir='ltr'><strong>hominem,</strong></span> 
     </span>
     <span class='ocr_line' id='line_1_24' title="bbox 173 3030 1096 3121; baseline 0 -21"><span class='ocrx_word' id='word_1_150' title='bbox 173 3034 320 3104; x_wconf 87' lang='lat' dir='ltr'><strong>immensa</strong></span> <span class='ocrx_word' id='word_1_151' title='bbox 334 3036 496 3119; x_wconf 84' lang='lat' dir='ltr'><strong>omnium,</strong></span> <span class='ocrx_word' id='word_1_152' title='bbox 516 3053 596 3121; x_wconf 78' lang='lat' dir='ltr'><strong>quae</strong></span> <span class='ocrx_word' id='word_1_153' title='bbox 613 3032 735 3117; x_wconf 83' lang='lat' dir='ltr'><strong>ingenio</strong></span> <span class='ocrx_word' id='word_1_154' title='bbox 749 3030 967 3113; x_wconf 87' lang='lat' dir='ltr'><strong>eontinentur,</strong></span> <span class='ocrx_word' id='word_1_155' title='bbox 984 3031 1096 3101; x_wconf 86' lang='lat' dir='ltr'><strong>artium</strong></span> 
     </span>
     <span class='ocr_line' id='line_1_25' title="bbox 173 3145 1095 3235; baseline -0.003 -18"><span class='ocrx_word' id='word_1_156' title='bbox 173 3150 297 3217; x_wconf 84' lang='lat' dir='ltr'><strong>scientia</strong></span> <span class='ocrx_word' id='word_1_157' title='bbox 317 3151 511 3235; x_wconf 80' lang='lat' dir='ltr'><strong>praedirum,</strong></span> <span class='ocrx_word' id='word_1_158' title='bbox 534 3149 706 3215; x_wconf 84' lang='lat' dir='ltr'><strong>&amp;naturae</strong></span> <span class='ocrx_word' id='word_1_159' title='bbox 726 3145 950 3212; x_wconf 81' lang='lat' dir='ltr'><strong>observatorem</strong></span> <span class='ocrx_word' id='word_1_160' title='bbox 967 3162 1030 3214; x_wconf 85' lang='lat' dir='ltr'><strong>tam</strong></span> <span class='ocrx_word' id='word_1_161' title='bbox 1046 3146 1095 3214; x_wconf 83' lang='lat' dir='ltr'><strong>di·</strong></span> 
     </span>
     <span class='ocr_line' id='line_1_26' title="bbox 170 3258 1095 3349; baseline -0.002 -18"><span class='ocrx_word' id='word_1_162' title='bbox 170 3266 317 3349; x_wconf 80' lang='lat' dir='ltr'><strong>ligentem</strong></span> <span class='ocrx_word' id='word_1_163' title='bbox 341 3279 470 3346; x_wconf 78' lang='lat' dir='ltr'><strong>temque</strong></span> <span class='ocrx_word' id='word_1_164' title='bbox 493 3268 692 3328; x_wconf 79' lang='lat' dir='ltr'><strong>accuratum.</strong></span> <span class='ocrx_word' id='word_1_165' title='bbox 724 3277 758 3327; x_wconf 95' lang='lat' dir='ltr'><strong>ut</strong></span> <span class='ocrx_word' id='word_1_166' title='bbox 775 3258 806 3325; x_wconf 83' lang='lat' dir='ltr'><strong>dc</strong></span> <span class='ocrx_word' id='word_1_167' title='bbox 825 3260 901 3325; x_wconf 78' lang='lat' dir='ltr'><strong>aiios</strong></span> <span class='ocrx_word' id='word_1_168' title='bbox 917 3258 1041 3345; x_wconf 85' lang='lat' dir='ltr'><strong>saliere,</strong></span> <span class='ocrx_word' id='word_1_169' title='bbox 1062 3260 1095 3329; x_wconf 80' lang='lat' dir='ltr'><strong>dc</strong></span> 
     </span>
     <span class='ocr_line' id='line_1_27' title="bbox 172 3372 1096 3461; baseline -0.002 -16"><span class='ocrx_word' id='word_1_170' title='bbox 172 3380 214 3445; x_wconf 86' lang='lat' dir='ltr'><strong>ab</strong></span> <span class='ocrx_word' id='word_1_171' title='bbox 241 3378 309 3445; x_wconf 81' lang='lat' dir='ltr'><strong>aliie</strong></span> <span class='ocrx_word' id='word_1_172' title='bbox 333 3376 395 3461; x_wconf 87' lang='lat' dir='ltr'><strong>ipse</strong></span> <span class='ocrx_word' id='word_1_173' title='bbox 420 3377 485 3445; x_wconf 85' lang='lat' dir='ltr'><strong>salii</strong></span> <span class='ocrx_word' id='word_1_174' title='bbox 506 3376 674 3444; x_wconf 82' lang='lat' dir='ltr'><strong>nesciverit.</strong></span> <span class='ocrx_word' id='word_1_175' title='bbox 726 3374 790 3440; x_wconf 83' lang='lat' dir='ltr'><strong>Hic</strong></span> <span class='ocrx_word' id='word_1_176' title='bbox 804 3372 1096 3456; x_wconf 78' lang='lat' dir='ltr'><strong>simplicissimam&amp;</strong></span> 
     </span>
     <span class='ocr_line' id='line_1_28' title="bbox 171 3488 1096 3573; baseline -0.005 -12"><span class='ocrx_word' id='word_1_177' title='bbox 171 3508 303 3561; x_wconf 83' lang='lat' dir='ltr'><strong>naturae</strong></span> <span class='ocrx_word' id='word_1_178' title='bbox 315 3493 545 3560; x_wconf 84' lang='lat' dir='ltr'><strong>consentaneam</strong></span> <span class='ocrx_word' id='word_1_179' title='bbox 564 3488 703 3559; x_wconf 91' lang='lat' dir='ltr'><strong>medendi</strong></span> <span class='ocrx_word' id='word_1_180' title='bbox 719 3489 803 3556; x_wconf 81' lang='lat' dir='ltr'><strong>viam</strong></span> <span class='ocrx_word' id='word_1_181' title='bbox 819 3488 987 3573; x_wconf 82' lang='lat' dir='ltr'><strong>ingressus,</strong></span> <span class='ocrx_word' id='word_1_182' title='bbox 1010 3490 1096 3559; x_wconf 86' lang='lat' dir='ltr'><strong>brevi</strong></span> 
     </span>
     <span class='ocr_line' id='line_1_29' title="bbox 172 3602 1097 3685; baseline -0.001 -12"><span class='ocrx_word' id='word_1_183' title='bbox 172 3607 333 3673; x_wconf 76' lang='lat' dir='ltr'><strong>suscitarem</strong></span> <span class='ocrx_word' id='word_1_184' title='bbox 346 3623 442 3673; x_wconf 87' lang='lat' dir='ltr'><strong>artem</strong></span> <span class='ocrx_word' id='word_1_185' title='bbox 462 3606 502 3671; x_wconf 89' lang='lat' dir='ltr'><strong>ad</strong></span> <span class='ocrx_word' id='word_1_186' title='bbox 516 3607 668 3672; x_wconf 92' lang='lat' dir='ltr'><strong>summum</strong></span> <span class='ocrx_word' id='word_1_187' title='bbox 685 3602 780 3671; x_wconf 89' lang='lat' dir='ltr'><strong>decus</strong></span> <span class='ocrx_word' id='word_1_188' title='bbox 795 3606 948 3685; x_wconf 78' lang='lat' dir='ltr'><strong>provexit.</strong></span> <span class='ocrx_word' id='word_1_189' title='bbox 999 3606 1043 3674; x_wconf 84' lang='lat' dir='ltr'><strong>At</strong></span> <span class='ocrx_word' id='word_1_190' title='bbox 1060 3606 1097 3672; x_wconf 91' lang='lat' dir='ltr'><strong>il·</strong></span> 
     </span>
    </p>
   </div>
   <div class='ocr_carea' id='block_1_3' title="bbox 169 3718 1100 3894">
    <p class='ocr_par' dir='ltr' id='par_1_4' title="bbox 169 3718 1100 3894">
     <span class='ocr_line' id='line_1_30' title="bbox 169 3718 1096 3807; baseline -0.008 -18"><span class='ocrx_word' id='word_1_191' title='bbox 169 3727 210 3791; x_wconf 67' lang='lat' dir='ltr'><strong>la</strong></span> <span class='ocrx_word' id='word_1_192' title='bbox 228 3721 429 3807; x_wconf 79' lang='lat' dir='ltr'><strong>Hippocratis</strong></span> <span class='ocrx_word' id='word_1_193' title='bbox 454 3722 581 3803; x_wconf 76' lang='lat' dir='ltr'><strong>semita,</strong></span> <span class='ocrx_word' id='word_1_194' title='bbox 612 3737 690 3803; x_wconf 85' lang='lat' dir='ltr'><strong>qnae</strong></span> <span class='ocrx_word' id='word_1_195' title='bbox 707 3718 769 3783; x_wconf 85' lang='lat' dir='ltr'><strong>soin</strong></span> <span class='ocrx_word' id='word_1_196' title='bbox 784 3718 822 3783; x_wconf 84' lang='lat' dir='ltr'><strong>nd</strong></span> <span class='ocrx_word' id='word_1_197' title='bbox 836 3720 963 3788; x_wconf 85' lang='lat' dir='ltr'><strong>humaui</strong></span> <span class='ocrx_word' id='word_1_198' title='bbox 979 3720 1096 3804; x_wconf 76' lang='lat' dir='ltr'><strong>generis</strong></span> 
     </span>
     <span class='ocr_line' id='line_1_31' title="bbox 699 3828 1100 3894; baseline -0.002 -1"><span class='ocrx_word' id='word_1_199' title='bbox 699 3828 731 3893; x_wconf 85' lang='lat' dir='ltr'>G</span> <span class='ocrx_word' id='word_1_200' title='bbox 753 3850 774 3894; x_wconf 75' lang='lat' dir='ltr'><strong>a</strong></span> <span class='ocrx_word' id='word_1_201' title='bbox 1054 3830 1100 3893; x_wconf 89' lang='lat' dir='ltr'><strong>sa·</strong></span> 
     </span>
    </p>
   </div>
   <div class='ocr_carea' id='block_1_4' title="bbox 0 0 1294 5146">
    <p class='ocr_par' dir='ltr' id='par_1_5' title="bbox 0 0 1294 5146">
     <span class='ocr_line' id='line_1_32' title="bbox 0 0 1294 5146; baseline 0 5"><span class='ocrx_word' id='word_1_202' title='bbox 0 0 1294 5146; x_wconf 95' lang='lat' dir='ltr'><strong> </strong></span> 
     </span>
    </p>
   </div>
  </div>
 </body>
</html>
