2580 5146
283 371 529 446 GALLA
591 367 967 443 PLACIDIA·
1031 395 1096 464 203
1191 400 1193 405 ·

177 562 380 635 criminationi
403 577 470 644 quo
489 558 587 642 major
607 556 683 624 fides
698 556 881 638 haberetur,
904 557 1013 641 addit,
1036 561 1099 628 Bo·

175 682 346 761 nisacium,
377 696 416 744 ne
439 691 617 744 revocatum
641 675 787 758 quidem,
810 694 848 741 ex
862 675 970 742 Africa
985 677 1105 756 reditu,¹

175 816 259 862 rum.
312 794 356 860 At
382 790 590 860 callidissimus
619 791 715 856 homo
733 790 782 855 ltis
795 791 859 874 jam
876 770 1112 876 praeverterat,¹

176 913 351 979 clanculum
368 909 563 978 Bonisacium
581 908 759 990 monendo,
782 892 922 990 ¹caveret,
945 906 1000 972 nist
1018 907 1055 972 de
1070 908 1099 976 se

175 1031 278 1096 adium
302 1029 416 1108 vellet,
446 1040 509 1090 tam
533 1024 648 1090 subitae
664 1023 853 1090 revocationi
870 1024 1097 1105 obsequeretur.

173 1141 262 1231 Quae
277 1158 349 1206 cum
367 1141 418 1205 ille
434 1159 498 1204 non
516 1138 553 1202 de
570 1137 667 1203 nihilo
682 1136 739 1202 else
758 1152 879 1221 putaret
890 1184 900 1218 ,
911 1139 1099 1206 vocantibus
1135 1155 1136 1158 ’

174 1259 316 1340 negavit,
347 1256 398 1339 se,
428 1258 479 1323 vel
501 1253 677 1333 Matidiae,
707 1255 756 1318 vel
772 1252 1009 1334 ValentinianO,
1033 1271 1102 1319 nro·

174 1391 237 1438 rem
254 1371 312 1439 esse
326 1371 495 1456 gesturum.
541 1369 600 1434 llis
616 1365 756 1453 Augusta
771 1369 947 1452 perceptis,
970 1371 1097 1436 Aetium

177 1489 233 1557 stbi
268 1506 331 1554 tam
354 1487 484 1570 credidit
506 1486 625 1568 fidum,
658 1505 751 1568 quam
781 1485 976 1552 Bonifatium
1000 1486 1103 1572 suspe·
1132 1508 1136 1512 ’

175 1604 273 1671 dium.
329 1603 390 1669 Sed
416 1603 489 1686 hic,
518 1601 671 1676 Placidiae
695 1617 725 1668 et
752 1603 957 1669 Valentiniani
980 1604 1100 1670 viribus

176 1738 248 1792 cum
271 1720 300 1785 se
324 1722 408 1786 haud
423 1740 528 1806 parem
545 1721 685 1804 sentiret,
708 1721 924 1801 Gundaricum
941 1737 971 1793 et
986 1724 1103 1790 Gense·

176 1834 299 1914 ricttnt,
329 1832 466 1902 strenuos
484 1835 695 1903 vandalorum
712 1836 829 1918 duces,
853 1838 885 1903 in
903 1837 1044 1904 Africam
1062 1836 1102 1902 ad

176 1949 207 2017 se
230 1948 475 2032 defendendum,
504 1971 541 2020 ac
566 1952 675 2019 deinde
699 1952 890 2036 provinciam
917 1953 995 2035 inter
1012 1951 1040 2016 se
1055 1951 1104 2018 di·

177 2066 379 2149 spernendam
402 2071 538 2141 vocavit.
590 2067 792 2137 Gundaricus
817 2087 890 2133 vero
915 2067 969 2133 etsi
991 2069 1032 2137 Α.
1057 2067 1100 2149 C,

175 2189 253 2270 428.
285 2202 375 2267 capta
395 2185 535 2271 Hispali,
568 2187 731 2272 Hispaniae
747 2186 894 2268 civitate,
917 2184 1012 2252 vitam
1028 2204 1102 2252 cum

173 2318 273 2369 morte
304 2306 515 2372 commutabat
548 2307 639 2392 (q):
672 2322 772 2370 tamen
797 2302 1006 2385 Gensericus,
1034 2302 1102 2388 ejus

172 2410 288 2505 frater,
312 2440 377 2505 quo
395 2442 485 2501 nemo
501 2425 572 2505 plus
589 2422 721 2490 contulit
737 2421 776 2488 ad
790 2422 1001 2489 Occidentalis
1018 2418 1103 2505 regui

174 2532 432 2622 internecionem,
450 2541 494 2606 A.
505 2540 547 2607 C.
559 2561 637 2624 429.
650 2540 755 2608 Felice
772 2555 803 2605 et
814 2541 841 2606 T
839 2560 923 2615 auro
934 2539 1012 2625 Call.
1029 2556 1105 2609 cum

175 2652 262 2721 omni
282 2652 492 2718 vandalorum
515 2654 628 2735 turba,
651 2653 749 2719 mense
767 2653 877 2738 Majo,
901 2656 969 2736 (r)
991 2650 1104 2717 relictis

176 2769 356 2855 Hispaniis,
377 2771 410 2836 in
424 2767 563 2848 Africam
580 2747 710 2856 trajecit.
754 2768 889 2836 Placidia
905 2785 999 2846 vero,
1015 2778 1106 2853 post·

1057 2896 1108 2944 ea·

178 3027 263 3086 llinur
281 3027 369 3104 Epist.
387 3046 455 3102 rao,
473 3046 504 3086 n.
522 3046 553 3103 4.
593 3027 654 3087 Tali
673 3028 760 3087 modo
779 3024 878 3089 Aetius
898 3019 1032 3082 Placidiac
1048 3015 1107 3077 lino

176 3137 236 3193 ullo
252 3133 370 3208 negotio
387 3133 552 3218 persuadere
567 3137 685 3208 potuit,
706 3131 883 3193 Bonisacium
900 3125 1030 3186 adversus
1051 3124 1107 3183 lma

177 3240 286 3312 perium
296 3239 459 3304 Romanum
474 3238 587 3298 monstri
606 3239 730 3298 nonnihil
747 3241 828 3298 alere.
869 3233 933 3293 Vid.
950 3231 1053 3290 idatius
1068 3225 1113 3293 ad

176 3363 228 3402 arr.
244 3343 270 3402 I.
288 3344 434 3403 Valentia.
457 3357 484 3402 et
501 3345 639 3403 Baronlus
656 3350 686 3404 in
704 3345 814 3402 Annal.
834 3344 872 3400 A.
891 3342 922 3398 C.
938 3353 1008 3415 425.
1028 3356 1058 3396 n.
1078 3353 1107 3407 a,

220 3448 289 3527 (l)
311 3448 444 3507 Probavit
466 3449 523 3508 hoc
543 3451 650 3510 Ancon.
669 3449 769 3524 Pagius
787 3465 824 3508 ex
841 3446 929 3505 ldatio
949 3449 979 3503 in
996 3443 1111 3504 critica

181 3552 223 3610 ad
235 3553 357 3616 Baronii
372 3556 494 3614 Annales
509 3555 549 3612 A.
569 3556 600 3612 C.
619 3556 687 3628 428.
707 3573 737 3613 n.
757 3572 786 3612 2.

220 3654 293 3736 (r)
314 3662 387 3719 Com
412 3659 532 3734 irruptio
557 3657 743 3735 vandalorum
768 3657 859 3715 mense
876 3657 957 3732 lllajo
974 3656 1042 3714 faeta
1056 3650 1109 3719 lit,

179 3761 212 3842 ad
238 3763 277 3844 A,-
296 3764 333 3827 C.
353 3783 421 3857 429.
441 3761 603 3842 auctoritate
630 3760 733 3836 Legum
750 3759 855 3820 Codicis
869 3758 1045 3834 Theodostanl
1060 3753 1110 3912 <gen

1082 3864 1110 3923 ei
