2580 5146
411 345 494 417 or
559 345 906 416 Lonorno.
1055 363 1125 443 „5

185 532 216 604 δ’
238 533 337 616 rupee
361 531 474 606 πάντες
494 532 643 600 καλέουσι.
694 532 796 618 Quam
816 532 903 597 vocis
920 539 1110 608 notationem

186 646 213 715 ίὶ
238 649 309 731 quis
333 651 366 713 in
382 647 503 712 homine
520 646 642 713 Graeco
658 645 773 726 rideat,
796 647 823 711 is
840 650 959 730 potiore
972 651 1041 733 jure
1057 656 1115 721 Cl.

185 781 329 830 erronem
347 761 385 827 de
400 762 446 829 N.
465 763 510 829 D.
530 763 557 829 1.
577 781 632 845 ay.
676 759 828 845 Janum,
851 763 937 845 quali
956 767 1111 850 Eanum,

187 878 229 945 rb
256 876 360 943 eundo
386 875 572 943 derivantem
592 874 700 946 rideat.
743 877 812 942 Nec
827 893 927 944 tamen
946 878 1112 965 Longinus

185 992 263 1059 nihi
277 994 448 1076 quicquam
466 1010 485 1057 t
502 992 704 1074 scriptoribus
720 989 863 1072 Latinis,
886 993 1069 1061 nominatim
1088 998 1113 1063 ι’

180 1106 416 1194 Quinctiliano,
437 1104 568 1174 sumltlle
583 1105 722 1185 videtur,
745 1106 914 1172 utTolliua
928 1109 1111 1178 etPcarciua

185 1219 227 1287 ad
248 1220 361 1287 librum
380 1231 425 1290 Π.
443 1232 484 1292 τ.
506 1221 578 1288 sect.
596 1242 629 1288 a.
651 1235 680 1285 et
697 1223 748 1303 38.
773 1220 979 1289 crediderunt.
1023 1222 1109 1294 Nam

184 1354 265 1419 quae
284 1335 345 1402 illie
360 1336 439 1402 locir
456 1335 596 1402 eLatino
607 1333 742 1401 Rhetore
757 1335 850 1404 ducit
864 1353 1032 1422 putentur,
1044 1355 1110 1408 tam

184 1451 254 1520 sunt
279 1451 437 1535 vulgum,
468 1464 526 1532 ut,
549 1448 573 1514 st
589 1450 751 1534 Longinus
767 1450 818 1517 illa
833 1455 967 1520 mututri
984 1455 1022 1523 ab
1039 1456 1109 1523 aliis

182 1565 347 1648 roluiffet,
369 1567 476 1649 potius
493 1585 510 1630 a
526 1564 678 1645 Graecis,
701 1582 795 1645 quam
816 1584 833 1629 a
849 1566 969 1636 Latinis
985 1570 1108 1638 sumsu-

182 1680 237 1748 set.
281 1680 351 1746 Nec
369 1679 460 1747 facile
476 1678 637 1759 adducor,
658 1692 694 1743 ut
709 1696 781 1743 eum
799 1679 968 1762 quicquam
989 1685 1108 1769 Diony·

183 1795 228 1863 fio
244 1792 494 1862 Halicarnallenli
512 1792 620 1858 debere
640 1789 774 1857 credam.
819 1792 895 1858 Non
915 1796 968 1860 tali
986 1795 1106 1864 siccita-

183 1925 214 1976 re
234 1908 407 1993 arescebat,
429 1922 465 1976 ut
487 1906 642 1991 ingenium
657 1905 763 1973 alienis
783 1904 924 1972 sontibus
938 1906 1061 1992 rigaret.

567 2133 717 2204 x111.

221 2363 470 2449 Philosophiam,
493 2380 585 2446 quam
601 2359 829 2444 profertum,
852 2361 997 2430 immores
1015 2365 1106 2434 abiis·

180 2482 230 2564 se,
252 2479 369 2547 tametsi
384 2496 467 2545 mors
484 2479 550 2559 ejus
568 2475 640 2542 satis
658 2474 808 2561 superque
824 2477 980 2562 declarat,
1004 2499 1106 2551 tamen

181 2598 241 2663 hoc
264 2611 391 2679 quoque
417 2591 453 2656 lit
475 2589 662 2657 testimonio.
705 2591 897 2677 Porphyrius
915 2594 1106 2683 disciplinam

180 2712 248 2798 eJ‘us
275 2711 373 2776 valere
398 2704 544 2792 sufferat,
569 2719 603 2770 ut
619 2703 701 2772 lead
715 2708 892 2790 meliorem,
914 2705 937 2772 st
954 2711 1023 2776 Diis
1039 2713 1106 2794 pla.

181 2844 252 2907 cet,
273 2818 389 2890 Plotini
404 2819 568 2889 conferret.
604 2816 708 2902 Quam
723 2818 897 2901 levitatem,
913 2835 1033 2887 tuntum
1050 2823 1105 2888 ab.

177 2940 239 3010 fuit
263 2936 449 3021 Longinus,
477 2950 513 2999 ut
529 2933 567 2998 td
583 2946 774 2997 contemtum
790 2933 834 2997 sui
851 2934 999 3010 traheret,
1021 2935 1105 3018 inju·
1127 2946 1130 2953 '

176 3057 315 3137 riamque
340 3050 467 3135 injuriae
491 3044 633 3127 referret,
665 3060 699 3111 ut
713 3046 819 3128 potius
835 3046 918 3111 hunc
934 3046 1032 3130 ipsum
1048 3047 1103 3116 de·

173 3170 319 3238 sertorem
339 3165 373 3232 in
393 3162 456 3229 suit
478 3160 626 3242 haberet,
647 3159 819 3242 Palmyram
837 3157 875 3224 ad
890 3160 919 3227 se
932 3161 1102 3245 invitaret,

177 3297 229 3366 et,
262 3279 369 3365 quanti
392 3295 464 3344 eum
486 3274 619 3355 faceret,
643 3274 711 3340 libri
724 3275 788 3358 περὶ
803 3277 893 3359 ὁρμῆς
907 3275 1101 3342 dedicatione

176 3395 302 3482 publice
324 3393 500 3459 declararet.
552 3391 642 3475 Quae
668 3390 772 3456 omnia
793 3391 884 3456 nobis
910 3406 1010 3456 narrat
1037 3389 1101 3474 ipse

175 3506 366 3593 Porphyrius
380 3504 496 3572 invita
510 3503 621 3571 Plotini
642 3522 716 3588 pag.
733 3524 807 3572 120.
828 3524 985 3589 124.131.
1030 3505 1102 3574 Erit

175 3621 319 3704 forralle,
348 3618 403 3704 qui
425 3619 595 3686 doctrinam
618 3617 821 3686 Christianam
838 3621 984 3704 Longino
1000 3620 1039 3686 ad
1054 3637 1102 3687 ta·

174 3738 236 3804 lem
252 3734 344 3802 mimi
358 3730 595 3802 moderationem
612 3730 759 3816 pmfuiffe
771 3733 867 3802 dicat.
911 3737 1003 3806 Certe
1013 3735 1099 3827 seml7

644 3843 716 3914 Yt
967 3843 1102 3914 christie-
