2580 5146
301 393 306 408 χ
386 333 468 406 or
529 333 879 405 nonturno.
1036 359 1097 428 313

173 541 271 611 prope
295 519 501 588 Incredibilem
524 519 752 603 profitebatur,
784 520 813 587 se
836 539 875 587 ex
900 518 1089 590 diversarum

173 642 321 707 sedatum
352 633 505 700 sententiis
529 652 626 700 unum
651 633 737 716 quali
752 635 962 718 philosophiae
982 655 1100 721 corpur

175 753 410 828 confedurum,
442 746 662 830 Platonemque
687 767 759 813 curu
785 749 945 815 Aristotele
969 749 1000 814 in
1022 769 1101 816 con·

177 866 314 935 cordiam
338 861 547 930 redacturum.
600 858 661 927 Sed
686 859 723 925 de
748 860 917 928 Ammonio
935 877 1022 929 tanto
1039 863 1097 930 rui-

176 999 237 1048 nue
258 979 310 1045 hic
334 975 434 1044 dicere
460 973 575 1040 neeesse
592 973 655 1057 eli,
679 973 763 1056 quod
779 989 846 1041 tota
860 976 1099 1060 philosophandi

174 1096 276 1174 ratio,
299 1109 392 1175 quum
409 1087 532 1154 secutus
549 1087 613 1168 est,
635 1107 652 1153 e
667 1087 811 1170 Plotino,
841 1089 908 1175 ejus
925 1090 1096 1175 discipulo,

177 1209 233 1292 qui
252 1207 333 1272 illam
347 1202 441 1270 literis
456 1200 612 1285 prodidit,
634 1202 823 1287 intelligitur.
867 1203 978 1271 Videe
992 1208 1101 1271 veterl·

177 1322 240 1388 bus
262 1318 435 1387 Hieroclem
466 1315 550 1399 apud
574 1308 719 1382 Photium
744 1315 824 1386 Bibl.
841 1316 927 1385 Cod.
948 1318 1098 1388 ccxlv.

176 1457 212 1521 p.
232 1450 306 1519 550.
328 1453 346 1498 e
364 1429 583 1498 recentioribus
603 1429 816 1496 Moshemium
836 1430 960 1500 Dissert.
976 1433 1013 1497 de
1031 1448 1099 1499 tur·

176 1549 249 1615 bete
273 1565 327 1630 per
351 1545 528 1614 Pletonicos
552 1542 677 1611 ecclelia
703 1548 732 1626 ς.
753 1565 787 1628 7.
809 1544 894 1629 seqq.
918 1562 950 1612 et
982 1545 1102 1615 Histor.

177 1661 345 1731 Christian.
367 1658 460 1725 seculi
486 1658 530 1727 11.
558 1660 594 1741 S.
623 1678 679 1740 27·
703 1656 789 1742 seqq.
821 1678 999 1743 quanquam
1022 1661 1102 1740 iniq
1184 1694 1193 1707 ·

177 1777 284 1843 multis
312 1774 467 1858 fingenti,
497 1789 590 1855 quum
622 1773 747 1839 docenti
772 1772 896 1840 similior
910 1773 966 1844 est.
1012 1757 1100 1843 Alter

177 1889 315 1974 Longini
335 1886 473 1972 magister
496 1901 559 1952 erut
584 1885 754 1970 Origenes,
782 1889 921 1956 omnium
937 1888 1097 1956 Ammonis

178 2004 435 2088 discipulorum,
462 1999 486 2066 fi
510 2001 664 2068 Plotinum
688 2002 845 2087 excipias,
874 2004 1098 2088 nobililltnruc,
1133 2065 1135 2069 ,

180 2138 272 2203 quem
296 2115 409 2184 Suidte
431 2135 465 2181 v.
490 2117 631 2196 Ἀμέλως
649 2137 720 2182 cunt
737 2119 905 2186 Ammonio
924 2120 1098 2202 conjungit.

179 2234 340 2302 Hierocles
360 2233 384 2301 l.
406 2250 436 2294 c.
467 2248 502 2318 p.
521 2249 593 2312 554.
617 2229 651 2299 οὗ
667 2239 727 2299 τῶν
737 2237 888 2317 γνωρίμων
903 2237 930 2302 ol
949 2236 1096 2320 ἔπεφνέ·
1124 2210 1127 2218 ¹

178 2374 264 2424 carot
288 2344 440 2420 Πλωτῒνδς
461 2370 495 2412 τε
519 2346 570 2412 καὶ
599 2348 774 2429 'sipylum-
820 2347 916 2414 Multi
932 2349 1014 2414 hunc
1029 2348 1102 2413 Ori·

180 2457 523 2549 genem‚tCluilliauis
538 2461 628 2525 lieris
645 2465 797 2538 alienum,
814 2461 1012 2531 confundunt
1028 2481 1101 2533 cunt

179 2578 299 2659 inclyto
323 2575 376 2639 illo
398 2572 530 2657 Origene
556 2574 765 2656 Adatnantio,
800 2577 960 2647 Ammonii
985 2598 1015 2648 et
1034 2577 1099 2658 ipso

180 2691 354 2774 discipulo,
374 2687 572 2771 tunquamJo
599 2687 722 2769 Jondut
736 2690 774 2753 de
791 2691 905 2772 Script.
926 2691 996 2760 Hili
1017 2693 1099 2760 Phil.

180 2807 237 2875 lIJ.
265 2806 313 2871 16.
338 2821 458 2885 p0293.
480 2817 511 2868 et
531 2820 575 2879 to.
592 2800 759 2866 Peatlottus
779 2802 898 2885 Proleg.
915 2805 945 2868 in
959 2804 1098 2875 Hierocl.

182 2940 217 3006 p.
235 2939 287 3003 29.
310 2934 457 2985 revocant
473 2931 572 2983 tamen
589 2934 718 2981 errorem
734 2915 820 2980 suum
842 2915 968 2984 Vindic.
995 2921 1096 3000 ignat.

181 3036 224 3104 11.
247 3053 346 3117 p.1o.
392 3030 451 3096 Sed
470 3031 630 3113 quomodo
646 3025 846 3110 distinguendi
864 3027 943 3109 lint,
965 3035 1103 3115 praecla-

181 3169 215 3225 re
230 3149 321 3215 docet
337 3147 381 3214 H.
391 3146 531 3213 Valesius
546 3144 584 3212 ud
597 3143 710 3212 Euleb.
731 3143 775 3208 H.
794 3144 834 3209 E.
846 3145 903 3210 Vl.
919 3165 968 3229 19.
993 3168 1102 3232 quem,

183 3278 300 3348 praeter
321 3278 464 3342 ceteros,
495 3260 631 3342 sequitur
657 3258 791 3324 lluetius
816 3258 994 3343 Origenian.
1023 3264 1046 3330 l.
1066 3286 1100 3349 7.

182 3377 303 3464 Quanti
327 3376 469 3442 Plotinus
497 3374 658 3457 Origenern
685 3373 810 3455 fecerit,
841 3375 1013 3443 tellintonio
1045 3377 1103 3463 stt,

183 3490 270 3575 quod
288 3504 391 3556 narrat
404 3489 593 3573 Porphyrius
609 3489 638 3552 in
652 3488 766 3556 Plotini
774 3490 847 3556 Vita
864 3510 898 3574 p.
914 3495 987 3560 116.
1020 3495 1105 3563 Cum

184 3605 332 3689 Origenes
358 3602 437 3671 forte
460 3604 578 3671 Romae
598 3601 629 3667 in
648 3601 763 3670 Plotini
787 3603 922 3672 scholam
949 3609 1101 3692 venisset,

185 3731 289 3796 tentus
311 3720 355 3793 illi
378 3719 474 3791 rubor
494 3716 625 3788 suffusus
648 3716 713 3797 eli,
746 3733 781 3785 ut
799 3718 898 3792 statim
916 3721 1048 3796 docendi
1067 3722 1104 3789 li-

644 3829 677 3897 V
698 3848 720 3917 5
804 3898 809 3906 ι
1031 3852 1102 3905 uem
