2580 5146
314 319 862 438 ORATIO

560 596 627 648 M

179 787 1012 883 GRAECI·A

224 996 438 1093 uacuum
464 1027 527 1088 ac
556 1024 956 1090 uocnnnmuum

420 1176 765 1257 mindunien.

316 1486 319 1497 ·
370 1431 814 1529 -ouoion--ss

129 1742 305 1892 Euhoe
322 1809 474 1900 maiorum
490 1810 632 1880 instituto
646 1814 725 1883 bene
739 1831 776 1881 ac
791 1813 1053 1906 sapienteriecep

135 1952 228 2016 mm,
255 1947 313 2015 ut,
340 1927 395 2013 qui
413 1926 452 1993 ad
466 1926 660 1994 laudatarum
678 1930 789 1994 artium
804 1927 981 2010 disciplinas
994 1948 1058 2027 tfu-

132 2047 254 2115 dendas
277 2044 385 2126 acciti,
414 2042 447 2108 in
473 2043 557 2109 huuc
582 2040 797 2125 amplissimum
823 2041 1057 2112 omatiffimum-
1089 2132 1093 2137 Ι

134 2184 199 2249 que
212 2165 316 2229 locum
328 2155 515 2238 escendunt,
539 2158 588 2221 vel
603 2156 641 2222 de
660 2157 743 2221 iilius
759 2155 936 2238 dominae,
959 2178 1055 2241 quam

132 2277 267 2362 quisque
280 2272 462 2358 profitetur,
485 2271 658 2355 dignitate,
678 2268 859 2353 praestantia
876 2286 970 2357 atque
991 2277 1052 2342 uti·

128 2394 212 2460 litate
227 2389 320 2457 verbu
331 2385 470 2466 faciant,
483 2387 531 2451 vei
545 2382 736 2451 illustriorem
745 2388 920 2470 quempiam
930 2392 1052 2478 locum,

130 2504 279 2590 exquisite
305 2501 490 2585 copioseque
513 2500 727 2583 tradendum,
750 2502 886 2570 indidem
905 2505 1052 2578 delibenm

133 2623 178 2690 At
200 2620 281 2685 enim
310 2635 383 2682 cum
409 2614 521 2697 multi,
555 2635 616 2699 qua
631 2635 722 2701 opem
738 2620 882 2685 tralaticio
898 2623 971 2689 iiiuc
994 2644 1055 2707 pu.

133 2738 214 2804 blice
242 2730 366 2799 dicendi
388 2730 490 2797 officio
519 2729 729 2811 satisfaciunt,
759 2732 864 2798 eadem
880 2737 1056 2803 reconditae

134 2849 300 2936 cuiusdam
327 2844 532 2925 eruditionis,
565 2861 619 2911 aut
644 2846 801 2929 siugulan's
821 2848 971 2912 acuminis
989 2850 1057 2914 lau·

134 2964 204 3032 dem
228 2974 397 3046 quaerente
428 2959 462 3026 fit
487 2960 663 3040 interdum,
691 2973 727 3024 ut
749 2957 902 3023 orationes
923 2961 1058 3030 habeam·

135 3094 187 3146 tur
205 3097 280 3158 eae,
311 3094 389 3159 quau
415 3094 432 3140 e
459 3075 592 3140 centenis
610 3078 663 3141 vix
678 3074 809 3157 singuli,
832 3073 862 3137 in
880 3075 987 3141 eodem
1002 3077 1059 3144 do·

137 3196 251 3261 eminae
271 3210 398 3276 genere,
428 3189 450 3256 si
474 3190 574 3268 fone,
603 3189 777 3274 diligentius
800 3188 926 3269 versati,
950 3194 1059 3261 menti.

138 3311 198 3376 bus
214 3309 387 3389 animisque
402 3303 594 3370 incendendis
611 3303 828 3386 ass'equantur:
853 3306 927 3369 dum
939 3307 1060 3378 interim

10 3496 16 3503 ,
138 3424 257 3506 reliqua
280 3419 389 3487 oscitat
412 3421 546 3498 concio,
570 3419 732 3485 &subtilis
753 3418 931 3503 molestique
947 3419 1061 3492 Orato-

140 3537 183 3602 iis
207 3534 310 3600 taedio
330 3553 425 3617 prope
450 3550 607 3600 enecatur.
651 3533 807 3615 Equidem
825 3554 895 3600 cum
914 3538 1062 3613 honoeifi·

143 3667 183 3714 co
219 3646 486 3718 Illudrissiuiorum
514 3649 610 3734 iunium
642 3647 827 3716 Academiae
851 3653 1063 3735 curatorum,

1020 3779 1069 3832 ac·
