2580 5146
197 489 663 613 n1ssnRTnT10
720 491 951 583 unluua

543 851 613 902 DE

145 1141 339 1224 nullan
388 1143 667 1227 PLACIDIA
715 1143 1013 1229 lucusve

352 1535 794 1601 -ΨΙΦΒον-

562 1883 592 1955 Ι.

115 2021 206 2170 Si,
231 2078 875 2169 quantaiudustriaolympiodomsGallae
888 2084 1038 2158 placidiae

113 2220 229 2270 nomeu
253 2198 373 2284 scriptis
394 2196 623 2281 commendauit
644 2198 728 2279 suis,
752 2200 883 2267 tanta&
903 2201 964 2286 ipse
981 2221 1041 2269 no·

112 2317 243 2385 llrorum
264 2329 442 2398 temporum
468 2312 615 2379 desiderio
639 2311 804 2380 asservatus
826 2315 949 2384 fuilleta
978 2336 1038 2385 nos

113 2432 264 2517 quidem,
292 2427 466 2513 periculum
491 2426 639 2494 scribendi
660 2448 731 2495 cum
755 2431 885 2498 maxime
905 2432 1036 2516 induri,

109 2544 256 2633 'cujusvis
278 2541 385 2627 potius
400 2540 589 2627 Augustae,
621 2563 713 2627 quam
736 2545 832 2632 hujus
857 2551 1039 2617 memoriam
1068 2552 1093 2601 ⁰

112 2663 205 2730 nobis
218 2646 424 2743 replicandam
440 2672 633 2739 putaremus.
676 2659 766 2747 Quae
782 2663 884 2744 enim,
901 2664 971 2731 inde
988 2663 1040 2729 de-
1078 2666 1086 2685 ‘

117 2791 242 2861 cerpta,
271 2773 404 2841 Photius
425 2770 465 2843 ad
486 2770 690 2856 posteritatem
713 2772 899 2856 manumisit,
931 2796 1043 2860 quam-

116 2908 211 2974 quam
234 2887 304 2955 lunt
326 2886 501 2971 ejusmodi,
525 2901 561 2952 ut
576 2906 634 2972 pro
654 2888 771 2953 mancis
786 2887 890 2951 haberi
908 2888 1041 2954 mutilis·

116 3023 178 3088 que
207 3000 336 3088 poffinta
362 3016 464 3067 tamen
481 3001 552 3068 satis
568 3001 681 3069 illullre
696 3000 766 3066 inde
783 3000 925 3083 capimus
942 3001 1042 3069 docu-

117 3133 277 3202 mentum,
307 3136 366 3184 uee
393 3117 516 3201 plenius
537 3116 708 3200 quidquam
723 3115 941 3201 Olympiodori
960 3117 1040 3186 libro

113 3233 198 3302 illam
221 3247 351 3302 aetatem
372 3230 493 3317 tuliffe,
522 3250 579 3297 uec·
602 3231 670 3317 ipso
698 3232 824 3298 homine
852 3250 1042 3314 quemquam

75 3426 79 3431 ¹
112 3347 256 3416 historiae
286 3345 388 3413 omnis
416 3344 605 3431 peritiorem.
656 3346 706 3414 Ac
727 3345 790 3414 luit
817 3346 886 3412 sane
907 3347 1043 3417 Placidia

114 3466 210 3546 longe
234 3460 423 3547 diguissima,
452 3459 492 3527 ad
516 3479 611 3546 quam
629 3460 797 3529 ornandam
816 3461 950 3531 studium
965 3483 1041 3551 ope-

114 3593 248 3658 ramque
269 3576 354 3645 suam
380 3575 545 3645 conferret.
597 3575 631 3644 si
650 3576 731 3644 enim
758 3575 893 3645 indolem
910 3577 1042 3646 feminae

54 3740 61 3750 .
111 3686 286 3781 intuearis,
314 3690 410 3760 tantis
430 3706 556 3777 tamque
578 3690 697 3758 eximiis
717 3695 902 3764 ornamentis
924 3695 1045 3782 elusit¹

637 3805 716 3893 15,
948 3819 1045 3887 quau·
