2580 5146
269 298 537 381 nocrortn
579 288 906 382 uunauitco.
984 324 1043 386 m

110 496 270 582 ¹(iccoris,
296 494 599 581 pulchritudinisque
622 493 771 581 senium,
797 497 892 583 ipsam
915 496 1048 585 denique

123 614 289 689 amabilem
302 607 523 681 humanitatem
540 609 771 693 eriperemus,
787 628 945 696 propterea
962 614 1051 698 quod

122 729 255 811 literas,
275 744 353 811 quae
368 725 408 791 ab
423 724 612 791 humanitate
626 742 739 791 nomen
754 725 889 810 habent,
905 727 1051 812 proliten-

122 858 197 913 tur.
235 838 322 930 Quid
335 838 438 925 ergo?
458 858 497 906 tn
512 838 740 925 humapissimae
752 839 875 924 literae,
891 860 972 926 quac
986 860 1054 909 mo·

123 977 180 1026 res
201 956 358 1037 emollire,
386 952 420 1021 dt
439 948 589 1023 feritatem
616 953 726 1022 animis
740 954 871 1022 eximere
885 953 1053 1040 dicuntur,

122 1071 307 1157 quicunque
332 1068 404 1137 utar
428 1066 664 1161 cotuntqruos
677 1085 770 1154 atque
781 1068 969 1137 inhumanos
985 1070 1053 1137 red·

124 1185 232 1255 danti
258 1182 314 1253 An
335 1194 453 1251 vctcrm
473 1172 657 1267 scripiores,
679 1184 761 1267 pleni
775 1182 965 1267 venustatis,
985 1202 1055 1269 gra·

123 1300 208 1382 tiae,
223 1292 361 1383 leporis,
376 1309 413 1363 ut
426 1294 561 1381 quisque
574 1295 798 1365 familiarisimo
814 1316 887 1365 cum
902 1298 940 1365 iis
955 1298 1055 1367 versa·

123 1429 181 1481 tua
202 1411 266 1497 est,
294 1412 340 1481 ita
359 1410 448 1478 illum
462 1410 628 1495 ineptum,
650 1410 794 1496 agrestem
809 1411 841 1480 dc
855 1411 1015 1481 iniectum
1032 1430 1052 1482 a

120 1524 348 1595 cousuetudine
371 1523 427 1593 lua
448 1523 635 1594 dimittant?
666 1525 797 1593 tritine
818 1546 905 1598 vcro.
957 1525 1052 1596 Unde

124 1642 224 1725 igitur
244 1638 397 1725 laojurrci
411 1637 547 1707 caussam
562 1639 742 1710 ducamus?
762 1641 884 1727 Nempe
899 1643 976 1710 haec
990 1643 1053 1710 hu·

125 1755 284 1824 mantuus
296 1752 476 1839 disciplina,
497 1753 657 1838 primunt,
678 1775 778 1823 rerum
794 1756 1054 1841 magnitudine&

127 1866 274 1939 unm
285 1882 350 1935 tam
363 1868 466 1954 ampla
481 1867 548 1953 est,
564 1866 596 1933 dt
611 1888 666 1954 per
681 1884 729 1937 tot
745 1871 937 1954 antiquitatis
953 1871 1054 1936 moni·

20 2024 23 2029 -
129 1997 237 2052 menta
259 1980 435 2066 diffinitur,
464 1997 524 2064 ut,
556 1981 613 2048 nist
630 1983 702 2065 quis
720 1983 826 2050 diuino
845 1981 1002 2067 praeditus
1015 1981 1053 2050 fit

128 2096 275 2182 iugenio,
295 2112 429 2165 mmotus
445 2098 628 2183 pierumque
643 2095 681 2161 ab
696 2095 799 2161 oculis
814 2096 944 2179 populi,
960 2115 1052 2163 omne

130 2212 233 2281 otium
262 2224 445 2298 tempusque
469 2213 503 2280 in
524 2230 560 2278 ca
585 2209 727 2278 discentia
747 2226 902 2278 conterere
927 2210 1051 2279 debeat.

110 2318 205 2416 ¹Quo
226 2325 381 2395 umbratili
403 2328 469 2393 otio
491 2346 565 2393 cum
592 2325 719 2409 quidam
733 2326 777 2394 ita
791 2326 973 2411 capiantur,
995 2343 1055 2412 ut,

130 2434 275 2511 Timonis
305 2440 421 2523 instar,
452 2441 490 2506 ab
513 2441 600 2507 omni
622 2441 756 2509 humana
777 2442 921 2511 socictate
943 2443 1055 2511 abhor-

130 2574 239 2639 reant,
276 2555 384 2625 sensim
414 2555 485 2623 inde
509 2574 610 2624 mores
629 2559 837 2643 contrahunt,
870 2580 951 2645 quos
974 2560 1051 2629 disi.

130 2673 249 2741 Deinde
265 2672 323 2737 hue
339 2670 418 2754 ipsae
435 2670 555 2753 literae,
571 2688 749 2758 quanquam
769 2675 898 2741 maalme
906 2676 1054 2759 elegantia

131 2789 170 2855 dt·
184 2786 334 2868 luauitate
358 2786 536 2869 censentur,
557 2786 672 2852 habeut
688 2802 792 2853 tanton
810 2789 860 2853 laic
876 2790 937 2854 illic
953 2788 1054 2871 lirinus

132 2921 326 2987 vepresque,
351 2919 413 2967 non
439 2899 507 2966 illas
529 2900 654 2984 quidem
680 2900 897 2985 ascriptorutn
911 2901 1055 2985 ingenio,

132 3018 181 3083 scd
199 3036 217 3082 a
232 3016 352 3083 barbari
367 3014 515 3099 temporis
531 3014 647 3082 inscitia
662 3014 692 3080 it
706 3016 895 3098 corruptela.
936 3015 972 3082 la
989 3018 1057 3101 qui·

132 3131 193 3197 bus
213 3131 367 3209 senticetis
389 3147 462 3196 cum
483 3127 551 3214 illi,
579 3129 682 3197 uelcio
698 3148 762 3212 qua
780 3129 890 3196 tuentis
906 3132 1057 3214 pravitate

131 3246 241 3325 ducii,
259 3244 405 3313 libentius
418 3242 693 3329 delideant‚quum
708 3243 743 3310 iu
759 3241 844 3310 laetis
861 3246 1059 3330 amoenisque

133 3360 309 3441 viridariis,
338 3359 453 3427 nccclie
476 3359 519 3426 cst
538 3359 694 3444 ingenium
711 3359 801 3427 ctiam
818 3359 1004 3445 exasperati,
1027 3363 1059 3430 dt

133 3476 222 3539 uelut
255 3472 414 3541 horridum
444 3474 661 3558 hispidumque
685 3474 783 3543 reticii.
837 3469 910 3543 Huc
938 3477 1058 3546 accedit

134 3585 274 3659 insanum
292 3588 490 3656 minutiarum
506 3589 663 3671 studium,
686 3591 773 3672 quod
788 3593 948 3675 proprium
964 3592 1007 3662 cst
1024 3595 1060 3661 li·

131 3699 318 3769 teratoribus
333 3701 454 3770 otiosas.
500 3702 607 3771 Garris
623 3704 703 3773 enirn
721 3707 961 3793 crepitatliisque
979 3721 1060 3773 ttae·

995 3833 1062 3883 tut·
